ID,TIMESTAMP,CONDITION,TRIAL,Q1ANS,Q2ANS,P1SCORE,P2SCORE,GAZE_FOCUS,BrowLowererL,BrowLowererR,CheekPuffL,CheekPuffR,CheekRaiserL,CheekRaiserR,CheekSuckL,CheekSuckR,ChinRaiserB,ChinRaiserT,DimplerL,DimplerR,EyesClosedL,EyesClosedR,EyesLookDownL,EyesLookDownR,EyesLookLeftL,EyesLookLeftR,EyesLookRightL,EyesLookRightR,EyesLookUpL,EyesLookUpR,InnerBrowRaiserL,InnerBrowRaiserR,JawDrop,JawSidewaysLeft,JawSidewaysRight,JawThrust,LidTightenerL,LidTightenerR,LipCornerDepressorL,LipCornerDepressorR,LipCornerPullerL,LipCornerPullerR,LipFunnelerLB,LipFunnelerLT,LipFunnelerRB,LipFunnelerRT,LipPressorL,LipPressorR,LipPuckerL,LipPuckerR,LipStretcherL,LipStretcherR,LipSuckLB,LipSuckLT,LipSuckRB,LipSuckRT,LipTightenerL,LipTightenerR,LipsToward,LowerLipDepressorL,LowerLipDepressorR,MouthLeft,MouthRight,NoseWrinklerL,NoseWrinklerR,OuterBrowRaiserL,OuterBrowRaiserR,UpperLidRaiserL,UpperLidRaiserR,UpperLipRaiserL,UpperLipRaiserR,Max,Invalid,HeartRate,GSR,GSR_CONDUCTANCE
t,2024-03-03-11-32:40:3036,1,-1,-1,-1,71,71,Untagged,0.08118054,0.07850955,1.401298E-45,0.00102776,0.09981586,0.06111266,1.401298E-45,1.401298E-45,1.468095E-31,1.922016E-22,1.401298E-45,1.401298E-45,0.02632903,8.955598E-06,0.07335516,0.04707893,0.06990766,0.158966,0,0,0,0,0.03817134,0.04141701,0.03279855,1.401298E-45,2.083063E-31,7.426882E-44,0.1808477,0.1144558,0.01139738,0.01105903,1.921732E-22,1.601146E-31,0,0,0,0,0,0,1.802451E-07,2.083063E-31,1.387289E-17,1.401298E-45,1.939687E-07,1.163078E-43,2.127291E-07,9.809089E-44,1.401298E-45,1.401298E-45,0.02729058,1.163078E-43,7.567012E-44,1.726443E-22,2.885612E-24,3.982523E-16,3.247124E-16,0.000506219,0.01511658,8.545207E-05,3.721E-09,2.163447E-17,0.0001692464,_,_,0,_,_
t,2024-03-03-11-32:40:3538,1,-1,-1,-1,71,71,Untagged,0.08287156,0.06916086,1.401298E-45,0.0004635407,0.09745268,0.05938229,1.401298E-45,1.401298E-45,7.292202E-32,9.546879E-23,1.401298E-45,1.401298E-45,0.05352603,2.291054E-07,0.07344324,0.01995959,0.01297365,0.1040581,0,0,0,0,0.04471575,0.04581959,0.03164519,1.401298E-45,1.034682E-31,3.643376E-44,0.1597558,0.115839,0.01102878,0.01094452,9.545471E-23,7.953082E-32,0,0,0,0,0,0,8.926865E-08,1.034682E-31,6.890831E-18,1.401298E-45,9.626613E-08,5.745324E-44,1.053978E-07,4.904545E-44,1.401298E-45,1.401298E-45,0.02552631,5.745324E-44,3.783506E-44,8.575446E-23,1.433318E-24,1.978166E-16,1.612885E-16,0.0003444404,0.01718645,3.120129E-05,1.018548E-10,1.07461E-17,0.003380853,_,_,0,_,_
t,2024-03-03-11-32:40:3945,1,-1,-1,-1,71,71,Untagged,0.08568572,0.07512884,1.401298E-45,0.0003150356,0.0951561,0.05714753,1.401298E-45,1.401298E-45,5.139386E-32,6.728435E-23,1.401298E-45,1.401298E-45,0.04455647,1.452863E-07,0.06134242,0.01681176,0,0.08912152,0.0001234363,0,0,0,0.03839497,0.03242877,0.02974285,1.401298E-45,7.292219E-32,2.522337E-44,0.1208408,0.1159517,0.01096113,0.01091724,6.727442E-23,5.605161E-32,0,0,0,0,0,0,6.284585E-08,7.292219E-32,4.856509E-18,1.401298E-45,6.782511E-08,4.063766E-44,7.421171E-08,3.503246E-44,1.401298E-45,1.401298E-45,0.02455882,4.063766E-44,2.662467E-44,6.04379E-23,1.010171E-24,1.394169E-16,1.136726E-16,0.000284289,0.01289051,1.955395E-05,2.08179E-11,7.573619E-18,0.002080535,_,_,0,_,_
t,2024-03-03-11-32:40:4546,1,-1,-1,-1,71,71,Untagged,0.0917683,0.1033449,1.401298E-45,0.0001480909,0.08012576,0.04202218,1.401298E-45,1.401298E-45,2.552811E-32,3.342116E-23,1.401298E-45,1.401298E-45,0.03143263,0,0.0318021,0.0003720918,0,0.01239245,0.075312,0,0,0,0.02337357,0.01868636,0.02810049,1.401298E-45,3.622155E-32,1.261169E-44,0.1447262,0.09666526,0.01090126,0.01088852,3.341623E-23,2.784168E-32,0,0,0,0,0,0,3.116496E-08,3.622155E-32,2.412302E-18,1.401298E-45,3.367386E-08,1.961818E-44,3.680933E-08,1.821688E-44,1.401298E-45,1.401298E-45,0.02600799,1.961818E-44,1.261169E-44,3.002042E-23,5.017675E-25,6.925049E-17,5.646293E-17,0.0001938338,0.007593321,8.114593E-06,1.278822E-12,3.761931E-18,0.0008392779,_,_,0,_,_
t,2024-03-03-11-32:40:5074,1,-1,-1,-1,71,71,Untagged,0.09657612,0.1237492,1.401298E-45,7.08258E-05,0.07715046,0.03908502,1.401298E-45,1.401298E-45,1.268E-32,1.660054E-23,1.401298E-45,1.401298E-45,0.02849435,9.094947E-13,0.02850645,1.461698E-05,0,0,0.09743119,0.010604,0,0,0.01947683,0.01258767,0.02753758,1.401298E-45,1.799152E-32,5.605194E-45,0.1489836,0.1023542,0.01088012,0.01087615,1.659809E-23,1.382917E-32,0,0,0,0,0,0,1.546239E-08,1.799152E-32,1.198208E-18,1.401298E-45,1.672066E-08,9.809089E-45,1.826558E-08,8.407791E-45,1.401298E-45,1.401298E-45,0.02565004,9.809089E-45,5.605194E-45,1.491137E-23,2.492316E-25,3.439723E-17,2.804556E-17,0.0001322702,0.004683031,3.558235E-06,1.242655E-13,1.868579E-18,0.0003607518,_,_,0,_,_
t,2024-03-03-11-32:40:5637,1,-1,-1,-1,71,71,Untagged,0.09561852,0.1281489,1.401298E-45,4.921304E-05,0.07666481,0.03861175,1.401298E-45,1.401298E-45,8.936642E-33,1.169977E-23,1.401298E-45,1.401298E-45,0.01878563,0,0.01878862,3.529091E-06,0,0,0.09903083,0.01236565,0,0,0.01663094,0.01082918,0.0274063,1.401298E-45,1.26801E-32,4.203895E-45,0.1722504,0.08613557,0.0108751,0.01087283,1.169804E-23,9.746556E-33,0,0,0,0,0,0,1.089301E-08,1.26801E-32,8.44476E-19,1.401298E-45,1.1783E-08,7.006492E-45,1.286854E-08,5.605194E-45,1.401298E-45,1.401298E-45,0.02615624,7.006492E-45,4.203895E-45,1.050927E-23,1.75654E-25,2.424256E-17,1.976601E-17,0.0001092901,0.003724713,2.392598E-06,4.500367E-14,1.316942E-18,0.0002407383,_,_,0,_,_
t,2024-03-03-11-32:40:5989,1,-1,-1,-1,71,71,Untagged,0.09489072,0.1308832,1.401298E-45,3.427919E-05,0.0764082,0.0383633,1.401298E-45,1.401298E-45,6.298388E-33,8.245789E-24,1.401298E-45,1.401298E-45,0.01687387,0,0.01687446,9.615229E-07,0,0,0.0989704,0.01236361,0,0,0.01458731,0.01196503,0.02732337,1.401298E-45,8.936713E-33,2.802597E-45,0.1794062,0.0935394,0.0108719,0.01087059,8.244572E-24,6.869201E-33,0,0,0,0,0,0,7.67452E-09,8.936713E-33,5.951719E-19,1.401298E-45,8.303624E-09,5.605194E-45,9.066771E-09,4.203895E-45,1.401298E-45,1.401298E-45,0.02272219,5.605194E-45,2.802597E-45,7.406746E-24,1.237979E-25,1.708573E-17,1.393074E-17,9.031321E-05,0.002982154,1.621709E-06,1.779664E-14,9.281572E-19,0.0001621428,_,_,0,_,_
t,2024-03-03-11-32:40:6340,1,-1,-1,-1,71,71,Untagged,0.08168639,0.1270141,1.401298E-45,2.392515E-05,0.06977201,0.0382273,1.401298E-45,1.401298E-45,4.438934E-33,5.81141E-24,1.401298E-45,1.401298E-45,0.01644635,0,0.0164463,2.931007E-07,0,0,0.1030601,0.01648961,0,0,0.01308904,0.0104267,0.02727006,1.401298E-45,6.298355E-33,1.401298E-45,0.1672594,0.09723978,0.01086983,0.01086906,5.810553E-24,4.841228E-33,0,0,0,0,0,0,5.407232E-09,6.298355E-33,4.194611E-19,1.401298E-45,5.851688E-09,4.203895E-45,6.388416E-09,2.802597E-45,1.401298E-45,1.401298E-45,0.0243451,4.203895E-45,1.401298E-45,5.220075E-24,8.724941E-26,1.204156E-17,9.818009E-18,7.463813E-05,0.002400781,1.106519E-06,7.616384E-15,6.541402E-19,0.0001100506,_,_,0,_,_
t,2024-03-03-11-32:40:6760,1,-1,-1,-1,71,71,Untagged,0.09436297,0.1318468,1.401298E-45,1.171036E-05,0.07324743,0.04755159,1.401298E-45,1.401298E-45,2.204873E-33,2.886598E-24,1.401298E-45,1.401298E-45,0.02064266,4.656613E-09,0.02634821,0.005707854,0,0,0.09544665,0.008873671,0,0,0.01556186,0.01272415,0.02721232,1.401298E-45,3.128469E-33,1.401298E-45,0.1947467,0.1782497,0.01086756,0.01086729,2.886172E-24,2.404697E-33,0,0,0,0,0,0,2.684665E-09,3.128469E-33,2.083514E-19,1.401298E-45,2.906242E-09,1.401298E-45,3.172003E-09,1.401298E-45,1.401298E-45,1.401298E-45,0.02236687,1.401298E-45,1.401298E-45,2.592875E-24,4.333784E-26,5.98119E-18,4.876724E-18,5.098975E-05,0.00157623,5.232869E-07,1.709202E-15,3.249194E-19,5.162793E-05,_,_,0,_,_
t,2024-03-03-11-32:40:7190,1,-1,-1,-1,71,71,Untagged,0.09394056,0.1331709,1.401298E-45,8.20787E-06,0.08475751,0.05127513,1.401298E-45,1.401298E-45,1.55395E-33,2.034416E-24,1.401298E-45,1.401298E-45,0.002299562,0.4665622,0.1454569,0.2222602,0,0,0.09339217,0.006815582,0,0,0.01152032,0.009526651,0.02719698,1.401298E-45,2.204882E-33,1.401298E-45,0.2543359,0.1596768,0.01086696,0.01086679,2.034116E-24,1.694782E-33,0,0,0,0,0,0,1.891789E-09,2.204882E-33,1.468419E-19,1.401298E-45,2.048165E-09,1.401298E-45,2.235247E-09,1.401298E-45,1.401298E-45,1.401298E-45,0.0241795,1.401298E-45,1.401298E-45,1.827406E-24,3.054364E-26,4.215422E-18,3.437017E-18,4.214861E-05,0.001283647,3.620663E-07,8.821155E-16,2.289966E-19,3.56138E-05,_,_,0,_,_
t,2024-03-03-11-32:40:7582,1,-1,-1,-1,71,71,Untagged,0.1776364,0.1984553,1.401298E-45,5.758435E-06,0.1366443,0.08374624,1.401298E-45,1.401298E-45,1.095193E-33,1.433816E-24,1.401298E-45,1.401298E-45,0.8226048,0.9737172,0.09228513,0.008439484,0,0,0.08865135,0.001965383,0,0,0.01077177,0.007251313,0.02718665,1.401298E-45,1.553958E-33,1.401298E-45,0.2471193,0.01509605,0.01086655,0.01086644,1.433605E-24,1.194449E-33,0,0,0,0,0,0,0.005897716,1.553958E-33,1.034913E-19,1.401298E-45,1.443451E-09,1.401298E-45,1.575174E-09,1.401298E-45,1.401298E-45,1.401298E-45,0.02526875,1.401298E-45,1.401298E-45,1.28792E-24,2.152656E-26,2.970947E-18,0.00589815,3.484204E-05,0.001048107,2.513116E-07,4.773909E-16,1.613923E-19,2.465767E-05,_,_,0,_,_
t,2024-03-03-11-32:40:7966,1,-1,-1,-1,71,71,Untagged,0.1625,0.1887469,1.401298E-45,4.043135E-06,0.1179404,0.0733703,1.401298E-45,1.401298E-45,7.718663E-34,1.01052E-24,1.401298E-45,1.401298E-45,0.4171817,0.8638722,0.3250774,0.05327189,0,0.003270217,0.08378071,0,0,0,0.008177287,0.005596362,0.01713293,1.401298E-45,1.095193E-33,1.401298E-45,0.3009001,0.02826702,0.01086627,0.0108662,1.010371E-24,8.418194E-34,0,0,0,0,0,0,0.003799763,1.095193E-33,7.293821E-20,1.401298E-45,1.017278E-09,1.401298E-45,1.110038E-09,1.401298E-45,1.401298E-45,1.401298E-45,0.02236561,1.401298E-45,1.401298E-45,9.076953E-25,1.517141E-26,2.093853E-18,0.003800431,2.880309E-05,0.0008576377,1.748941E-07,2.691764E-16,1.137455E-19,1.71242E-05,_,_,0,_,_
t,2024-03-03-11-32:40:8338,1,-1,-1,-1,71,71,Untagged,0.1542742,0.177017,1.401298E-45,2.840661E-06,0.1096099,0.06715586,1.401298E-45,1.401298E-45,5.439984E-34,7.121975E-25,1.401298E-45,1.401298E-45,0.002698287,0.1422221,0.1873393,0.3048363,0,0.007596778,0.08104449,0,0,0,0.008127014,0.004369529,0.01347826,1.401298E-45,7.718735E-34,1.401298E-45,0.2392913,0.05838088,0.01086608,0.01086604,7.120925E-25,5.933001E-34,0,0,0,0,0,0,0.002485069,7.718735E-34,5.140563E-20,1.401298E-45,7.169412E-10,1.401298E-45,7.822734E-10,1.401298E-45,1.401298E-45,1.401298E-45,0.02088795,1.401298E-45,1.401298E-45,6.397284E-25,1.069255E-26,1.475713E-18,0.002485719,2.38117E-05,0.0007030455,1.219798E-07,1.57221E-16,8.016592E-20,1.192267E-05,_,_,0,_,_
t,2024-03-03-11-32:40:8879,1,-1,-1,-1,71,71,Untagged,0.1415309,0.1592229,1.401298E-45,1.404367E-06,0.1003721,0.05101992,1.401298E-45,1.401298E-45,2.702126E-34,3.537597E-25,1.401298E-45,1.401298E-45,0.01761508,1.055375E-05,0.06564581,0.04806754,0,0.05354799,0.03524659,0,0,0,0.01564891,0.0103579,0.02259868,1.401298E-45,3.834017E-34,1.401298E-45,0.1540897,0.1023231,0.01086585,0.01086584,3.537076E-25,2.947015E-34,0,0,0,0,0,0,0.001101449,3.834017E-34,2.553399E-20,1.401298E-45,3.561018E-10,1.401298E-45,3.885205E-10,1.401298E-45,1.401298E-45,1.401298E-45,0.02490209,1.401298E-45,1.401298E-45,3.177632E-25,5.31116E-27,7.330097E-19,0.001101882,1.627509E-05,0.0004744212,5.963826E-08,5.844128E-17,3.981968E-20,5.814005E-06,_,_,0,_,_
t,2024-03-03-11-32:40:9407,1,-1,-1,-1,71,71,Untagged,0.1249353,0.1203609,1.401298E-45,6.953213E-07,0.09615958,0.0529255,1.401298E-45,1.401298E-45,1.342178E-34,1.757166E-25,1.401298E-45,1.401298E-45,0.005253116,1.350418E-06,0.03370054,0.02845008,0,0.03712335,0.05145581,0,0,0,0.009279063,0.006265497,0.02545121,1.401298E-45,1.904401E-34,1.401298E-45,0.1218986,0.1268745,0.01086575,0.01086574,1.756907E-25,1.463817E-34,0,0,0,0,0,0,0.0005057491,1.904401E-34,1.268303E-20,1.401298E-45,1.768751E-10,1.401298E-45,1.929668E-10,1.401298E-45,1.401298E-45,1.401298E-45,0.02267246,1.401298E-45,1.401298E-45,1.578367E-25,2.638115E-27,3.640945E-19,0.0005059944,1.112462E-05,0.0003214594,2.930396E-08,2.37029E-17,1.97789E-20,2.851665E-06,_,_,0,_,_
t,2024-03-03-11-32:40:9834,1,-1,-1,-1,71,71,Untagged,0.05841962,0.05535907,1.401298E-45,4.894603E-07,0.08380135,0.04402626,1.401298E-45,1.401298E-45,9.459449E-35,1.238422E-25,1.401298E-45,1.401298E-45,5.602092E-05,0.08062577,0.0702123,0.1496354,0,0.04701705,0.04109122,0,0,0,0.007163841,0.004946837,0.02607925,1.401298E-45,1.342191E-34,1.401298E-45,0.1555316,0.02326736,0.01086571,0.01086571,1.238239E-25,1.031674E-34,0,0,0,0,0,0,0.000346061,1.342191E-34,8.938792E-21,1.401298E-45,1.246574E-10,1.401298E-45,1.359956E-10,1.401298E-45,1.401298E-45,1.401298E-45,0.02443372,1.401298E-45,1.401298E-45,1.112407E-25,1.859301E-27,2.566078E-19,0.0003462408,9.197644E-06,0.003898046,2.056936E-08,1.547002E-17,1.393985E-20,2.000329E-06,_,_,0,_,_
t,2024-03-03-11-32:41:0237,1,-1,-1,-1,71,71,Untagged,0.05610366,0.06681559,1.401298E-45,3.446153E-07,0.109372,0.05658682,1.401298E-45,1.401298E-45,6.66678E-35,8.728083E-26,1.401298E-45,1.401298E-45,0.8856826,0.9726993,0.09346282,0.01279325,0,0.03691801,0.0511895,0,0,0,0.005594946,0.003936421,0.02646475,1.401298E-45,9.459421E-35,1.401298E-45,0.1024743,0.003101524,0.01086569,0.01086569,8.726797E-26,7.270979E-35,0,0,0,0,0,0,0.000237991,9.459421E-35,6.299834E-21,1.401298E-45,8.785466E-11,1.401298E-45,9.584381E-11,1.401298E-45,1.401298E-45,1.401298E-45,0.02201164,1.401298E-45,1.401298E-45,7.839965E-26,1.310388E-27,1.808507E-19,0.0002381215,7.604473E-06,0.003159456,1.444822E-08,1.022756E-17,9.82445E-21,1.40428E-06,_,_,0,_,_
t,2024-03-03-11-32:41:0616,1,-1,-1,-1,71,71,Untagged,0.05011667,0.07380304,1.401298E-45,2.426767E-07,0.1029689,0.05582332,1.401298E-45,1.401298E-45,4.698593E-35,6.151351E-26,1.401298E-45,1.401298E-45,0.997546,0.9991547,0.003483831,0.0005469653,0,0,0.1283696,0.03321156,0,0,0.004411999,0.003152917,0.0267065,1.401298E-45,6.666782E-35,1.401298E-45,0.007975316,0.0004809733,0.01086568,0.01086568,6.150445E-26,5.124418E-35,0,0,0,0,0,0,0.0001643593,6.666782E-35,4.439978E-21,1.401298E-45,6.191751E-11,1.401298E-45,6.754708E-11,1.401298E-45,1.401298E-45,1.401298E-45,0.02234749,1.401298E-45,1.401298E-45,5.525426E-26,9.235312E-28,1.274594E-19,0.0001644534,6.287327E-06,0.005929366,1.015456E-08,6.83499E-18,6.924045E-21,9.865084E-07,_,_,0,_,_
t,2024-03-03-11-32:41:1007,1,-1,-1,-1,71,71,Untagged,0.04151889,0.07261436,1.401298E-45,1.709169E-07,0.1030984,0.06105353,1.401298E-45,1.401298E-45,3.311472E-35,4.335347E-26,1.401298E-45,1.401298E-45,0.4374735,0.6211854,0.4198882,0.2385723,0,0,0.1288586,0.03328449,0,0,0.003507276,0.002539123,0.01725018,1.401298E-45,4.698612E-35,1.401298E-45,0.02795389,8.623617E-05,0.01086567,0.01086567,4.334708E-26,3.611585E-35,0,0,0,0,0,0,0.0001139053,4.698612E-35,3.129205E-21,1.401298E-45,4.363794E-11,1.401298E-45,4.760497E-11,1.401298E-45,1.401298E-45,1.401298E-45,0.02093575,1.401298E-45,1.401298E-45,3.894208E-26,6.508859E-28,8.983077E-20,0.0001139728,5.198367E-06,0.00475469,7.140327E-09,4.609105E-18,4.879926E-21,6.934139E-07,_,_,0,_,_
t,2024-03-03-11-32:41:1467,1,-1,-1,-1,71,71,Untagged,0.04518363,0.07190851,1.401298E-45,8.480875E-08,0.1176134,0.0642141,1.401298E-45,1.401298E-45,1.644842E-35,2.153411E-26,1.401298E-45,1.401298E-45,0.01647472,0.007163763,0.2806846,0.2724056,0,0.03268801,0.06226968,0,0,0,0.002258802,0.001667908,0.01216129,1.401298E-45,2.333848E-35,1.401298E-45,0.1667525,4.165779E-06,0.01086566,0.01086566,2.153094E-26,1.793911E-35,0,0,0,0,0,0,5.515604E-05,2.333848E-35,1.554308E-21,1.401298E-45,0.005898113,1.401298E-45,2.364525E-11,1.401298E-45,1.401298E-45,1.401298E-45,0.02112339,1.401298E-45,1.401298E-45,1.934292E-26,3.233016E-28,0.005898126,5.519038E-05,3.553641E-06,0.005637538,3.534399E-09,2.140947E-18,2.423909E-21,3.430366E-07,_,_,0,_,_
t,2024-03-03-11-32:41:2009,1,-1,-1,-1,71,71,Untagged,0.0573734,0.07730441,1.401298E-45,5.974862E-08,0.1187751,0.06467715,1.401298E-45,1.401298E-45,1.159255E-35,1.517685E-26,1.401298E-45,1.401298E-45,0.0005397499,0.02164592,0.1446988,0.165411,0,0.05758369,0.03610859,0,0,0,0.001826236,0.001358571,0.01150727,1.401298E-45,1.644854E-35,1.401298E-45,0.1664507,1.105136E-06,0.01086565,0.01086565,1.517461E-26,1.264316E-35,0,0,0,0,0,0,3.850387E-05,1.644854E-35,1.095448E-21,1.401298E-45,0.008447485,1.401298E-45,0.005898101,1.401298E-45,1.401298E-45,1.401298E-45,0.02374484,1.401298E-45,1.401298E-45,1.363254E-26,2.278571E-28,0.003800452,3.852827E-05,2.9382E-06,0.004517067,2.487751E-09,1.471358E-18,1.708327E-21,2.414005E-07,_,_,0,_,_
t,2024-03-03-11-32:41:2534,1,-1,-1,-1,71,71,Untagged,0.09851759,0.09325413,1.401298E-45,2.966017E-08,0.1091963,0.0650306,1.401298E-45,1.401298E-45,5.758079E-36,7.53842E-27,1.401298E-45,1.401298E-45,0.0008884072,4.081428E-05,0.07160158,0.07075597,0,0.05022432,0.03989267,0,0,0,0.005163237,0.0009079538,0.01104876,1.401298E-45,8.170075E-36,1.401298E-45,0.1627349,1.086168E-07,0.01086565,0.01086565,7.537309E-27,6.279924E-36,0,0,0,0,0,0,1.885113E-05,8.170075E-36,5.441149E-22,1.401298E-45,0.01019454,1.401298E-45,0.005082719,1.401298E-45,1.401298E-45,1.401298E-45,0.02595462,1.401298E-45,1.401298E-45,6.771354E-27,1.131778E-28,0.001646291,1.88634E-05,2.008606E-06,0.002944344,1.233259E-09,7.034601E-19,8.485348E-22,0.008443946,_,_,0,_,_
t,2024-03-03-11-32:41:2946,1,-1,-1,-1,71,71,Untagged,0.09647713,0.08866718,1.401298E-45,2.089913E-08,0.09957477,0.05990935,1.401298E-45,1.401298E-45,4.058138E-36,5.312875E-27,1.401298E-45,1.401298E-45,0.02558193,2.080947E-05,0.08467435,0.05918013,0,0.04884072,0.04093635,0,0,0,0.004122519,0.0007443669,0.01096979,1.401298E-45,5.758048E-36,1.401298E-45,0.109248,3.953127E-08,0.01086565,0.01086565,5.312092E-27,4.425921E-36,0,0,0,0,0,0,0.005889362,5.758048E-36,3.834775E-22,1.401298E-45,0.01048821,1.401298E-45,0.007954327,1.401298E-45,1.401298E-45,1.401298E-45,0.02641543,1.401298E-45,1.401298E-45,4.772268E-27,7.976468E-29,0.001101847,1.322285E-05,1.660745E-06,0.002391297,8.685301E-10,4.887307E-19,5.980245E-22,0.005076828,_,_,0,_,_
t,2024-03-03-11-32:41:3366,1,-1,-1,-1,71,71,Untagged,0.1015225,0.08555857,1.401298E-45,1.472667E-08,0.1211968,0.06970987,1.401298E-45,1.401298E-45,2.860102E-36,3.744417E-27,1.401298E-45,1.401298E-45,0.01402885,0.001951799,0.1928475,0.1813442,0,0.04367584,0.04610148,0,0,0,0.003311285,0.0006111535,0.01092692,1.401298E-45,4.058167E-36,1.401298E-45,0.1520924,1.570285E-08,0.01086565,0.01086565,3.743866E-27,3.119308E-36,0,0,0,0,0,0,0.003779312,4.058167E-36,2.702679E-22,1.401298E-45,0.01064567,1.401298E-45,0.009323678,1.401298E-45,1.401298E-45,1.401298E-45,0.02669069,1.401298E-45,1.401298E-45,3.363407E-27,5.621669E-29,0.006271236,9.277705E-06,1.373141E-06,0.005358125,6.11753E-10,3.403894E-19,4.214767E-22,0.003132115,_,_,0,_,_
t,2024-03-03-11-32:41:3727,1,-1,-1,-1,71,71,Untagged,0.1012095,0.087336,1.401298E-45,7.312986E-09,0.1386111,0.07798386,1.401298E-45,1.401298E-45,1.420659E-36,1.859913E-27,1.401298E-45,1.401298E-45,0.01492232,0.0134739,0.3121317,0.3109519,0,0.008791459,0.08570233,0,0,0,0.002166495,0.00175263,0.01088869,1.401298E-45,2.015757E-36,1.401298E-45,0.105893,3.109541E-09,0.01086565,0.01086564,1.859639E-27,1.549411E-36,0,0,0,0,0,0,0.001626873,2.015757E-36,1.342464E-22,1.401298E-45,0.01078416,1.401298E-45,0.01037507,1.401298E-45,1.401298E-45,1.401298E-45,0.0269649,1.401298E-45,1.401298E-45,1.670659E-27,2.792374E-29,0.007447918,4.577395E-06,9.387297E-07,0.01184453,3.035893E-10,1.660722E-19,2.093543E-22,0.00886796,_,_,0,_,_
t,2024-03-03-11-32:41:4148,1,-1,-1,-1,71,71,Untagged,0.1044483,0.07599355,1.401298E-45,5.153538E-09,0.1443038,0.07327029,1.401298E-45,1.401298E-45,1.001255E-36,1.310834E-27,1.401298E-45,1.401298E-45,0.05651656,0.0048334,0.2937936,0.2476437,0,0,0.1033407,0.008882617,0,0,0.00400297,0.001432466,0.01088025,1.401298E-45,1.42067E-36,1.401298E-45,0.1514014,1.524391E-09,0.01086564,0.01086564,1.310641E-27,1.091997E-36,0,0,0,0,0,0,0.001086251,1.42067E-36,9.461453E-23,1.401298E-45,0.01081429,1.401298E-45,0.01057434,1.401298E-45,1.401298E-45,1.401298E-45,0.02703225,1.401298E-45,1.401298E-45,1.177451E-27,1.968016E-29,0.004438343,3.217927E-06,7.761658E-07,0.01245491,2.13891E-10,1.162611E-19,1.475492E-22,0.009774039,_,_,0,_,_
t,2024-03-03-11-32:41:4553,1,-1,-1,-1,71,71,Untagged,0.09437899,0.07618242,1.401298E-45,3.631796E-09,0.1459046,0.07469967,1.401298E-45,1.401298E-45,7.056631E-37,9.23847E-28,1.401298E-45,1.401298E-45,0.1020204,0.001958072,0.2896436,0.1978668,0,0,0.1030136,0.009373991,0,0,0.003225315,0.001173119,0.01087507,1.401298E-45,1.001257E-36,1.401298E-45,0.177681,7.888841E-10,0.01086564,0.01086564,9.237111E-28,7.696162E-37,0,0,0,0,0,0,0.0007319477,1.001257E-36,6.668227E-23,1.401298E-45,0.01083267,1.401298E-45,0.01068782,1.401298E-45,1.401298E-45,1.401298E-45,0.02963556,1.401298E-45,1.401298E-45,8.298418E-28,1.387015E-29,0.002717558,2.263192E-06,6.417523E-07,0.01292929,1.50703E-10,8.148413E-20,1.039895E-22,0.01024501,_,_,0,_,_
t,2024-03-03-11-32:41:4985,1,-1,-1,-1,71,71,Untagged,0.09955715,0.07965816,1.401298E-45,2.559438E-09,0.1400052,0.07090447,1.401298E-45,1.401298E-45,4.97337E-37,6.511086E-28,1.401298E-45,1.401298E-45,0.08465324,0.00172025,0.2682643,0.1909953,0,0,0.102685,0.009322797,0,0,0.002610271,0.0009623156,0.01087181,1.401298E-45,7.05666E-37,1.401298E-45,0.1701506,4.279465E-10,0.01086564,0.01086564,6.510128E-28,5.424099E-37,0,0,0,0,0,0,0.0004969881,7.05666E-37,4.699631E-23,1.401298E-45,0.01084415,1.401298E-45,0.01075452,1.401298E-45,1.401298E-45,1.401298E-45,0.02890138,1.401298E-45,1.401298E-45,5.848557E-28,9.7754E-30,0.001702634,1.592298E-06,5.306169E-07,0.01330162,1.061875E-10,5.716493E-20,7.328968E-23,0.01050056,_,_,0,_,_
t,2024-03-03-11-32:41:5399,1,-1,-1,-1,71,71,Untagged,0.09104193,0.07153462,1.401298E-45,1.803729E-09,0.1147929,0.06871448,1.401298E-45,1.401298E-45,3.505117E-37,4.588864E-28,1.401298E-45,1.401298E-45,0.06790598,0.0007569641,0.2181861,0.1535509,0,0,0.1001744,0.007920343,0,0,0.002120287,0.0007904705,0.01086973,1.401298E-45,4.973371E-37,1.401298E-45,0.1677586,2.417901E-10,0.01086564,0.01086564,4.588189E-28,3.82278E-37,0,0,0,0,0,0,0.0003396023,4.973371E-37,3.312192E-23,1.401298E-45,0.01085144,1.401298E-45,0.01079481,1.401298E-45,1.401298E-45,1.401298E-45,0.02838584,1.401298E-45,1.401298E-45,4.121928E-28,6.889478E-30,0.00108766,1.120613E-06,4.387267E-07,0.01019328,7.482401E-11,4.01356E-20,5.165289E-23,0.005371274,_,_,0,_,_
t,2024-03-03-11-32:41:5904,1,-1,-1,-1,71,71,Untagged,0.09678718,0.06864204,1.401298E-45,8.958548E-10,0.1178765,0.06661808,1.401298E-45,1.401298E-45,1.741031E-37,2.279341E-28,1.401298E-45,1.401298E-45,0.03885573,0.0008681864,0.1949555,0.1581664,0,0.006755736,0.08532754,0,0,0,0.003687951,0.0005350719,0.01086749,1.401298E-45,2.47033E-37,1.401298E-45,0.1451475,8.528184E-11,0.01086564,0.01086564,2.279005E-28,1.898818E-37,0,0,0,0,0,0,0.0001609605,2.47033E-37,1.645203E-23,1.401298E-45,0.01085925,1.401298E-45,0.01083547,1.401298E-45,1.401298E-45,1.401298E-45,0.03053461,1.401298E-45,1.401298E-45,2.047408E-28,3.422082E-30,0.0004649311,5.55421E-07,2.999307E-07,0.009366482,3.715506E-11,1.982157E-20,2.565658E-23,0.008999207,_,_,0,_,_
t,2024-03-03-11-32:41:6380,1,-1,-1,-1,71,71,Untagged,0.089207,0.0701069,1.401298E-45,6.313613E-10,0.1084972,0.06612246,1.401298E-45,1.401298E-45,1.227047E-37,1.606437E-28,1.401298E-45,1.401298E-45,0.03665031,0.0009167045,0.1943759,0.1597922,0,0.01019565,0.08174158,0,0,0,0.002982022,0.000440775,0.0108669,1.401298E-45,1.741043E-37,1.401298E-45,0.1421775,5.273127E-11,0.01086564,0.01086564,1.606201E-28,1.338252E-37,0,0,0,0,0,0,0.0001114636,1.741043E-37,1.159509E-23,1.401298E-45,0.02095323,1.401298E-45,0.01084557,1.401298E-45,1.401298E-45,1.401298E-45,0.031389,1.401298E-45,1.401298E-45,1.442975E-28,2.41182E-30,0.0003096031,3.911343E-07,2.47991E-07,0.007292473,2.618332E-11,1.393985E-20,1.808228E-23,0.009728426,_,_,0,_,_
t,2024-03-03-11-32:41:6768,1,-1,-1,-1,71,71,Untagged,0.07283309,0.06022727,1.401298E-45,3.135907E-10,0.1220277,0.06560352,1.401298E-45,1.401298E-45,6.094915E-38,7.979403E-29,1.401298E-45,1.401298E-45,0.03102913,0.003282666,0.2406825,0.2149946,0,0.01221257,0.07928368,0,0,0,0.001970906,0.0002996489,0.01086624,1.401298E-45,8.648008E-38,1.401298E-45,0.1483652,2.142921E-11,0.01086564,0.01086564,7.978228E-29,6.647287E-38,0,0,0,0,0,0,5.391066E-05,8.648008E-38,5.759445E-24,1.401298E-45,0.01500731,1.401298E-45,0.01085652,1.401298E-45,1.401298E-45,1.401298E-45,0.03097293,1.401298E-45,1.401298E-45,7.167465E-29,1.197985E-30,0.0001410744,1.94045E-07,1.695372E-07,0.007725868,1.300348E-11,6.901653E-21,8.981725E-24,0.01041396,_,_,0,_,_
t,2024-03-03-11-32:41:7197,1,-1,-1,-1,71,71,Untagged,0.04023217,0.04276366,1.401298E-45,2.210055E-10,0.1211571,0.06546994,1.401298E-45,1.401298E-45,4.295518E-38,5.62365E-29,1.401298E-45,1.401298E-45,0.2343409,0.1549357,0.3979034,0.412451,0,0.04526172,0.04625679,0,0,0,0.001609065,0.0002472368,0.01086605,1.401298E-45,6.094862E-38,1.401298E-45,0.1763045,1.399632E-11,0.01086564,0.01086564,5.622822E-29,4.684813E-38,0,0,0,0,0,0,3.761725E-05,6.094862E-38,4.059089E-24,1.401298E-45,0.0135814,1.401298E-45,0.01085942,1.401298E-45,1.401298E-45,1.401298E-45,0.02956703,1.401298E-45,1.401298E-45,5.05142E-29,8.44305E-31,9.624937E-05,1.366948E-07,1.40177E-07,0.00606992,9.163902E-12,4.858168E-21,6.330057E-24,0.01057321,_,_,0,_,_
t,2024-03-03-11-32:41:7759,1,-1,-1,-1,71,71,Untagged,0.0777097,0.06679925,1.401298E-45,1.55758E-10,0.1259783,0.08417632,1.401298E-45,1.401298E-45,3.027398E-38,3.963439E-29,1.401298E-45,1.401298E-45,0.9811495,0.9800772,0.01155692,0.01325459,0,0.04595453,0.04688004,0,0,0,0.001316538,0.000204068,0.01086593,1.401298E-45,4.295541E-38,1.401298E-45,0.01471033,9.2592E-12,0.01086564,0.01086564,3.962856E-29,3.301766E-38,0,0,0,0,0,0,2.629379E-05,4.295541E-38,2.860767E-24,1.401298E-45,0.01266816,1.401298E-45,0.01086138,1.401298E-45,1.401298E-45,1.401298E-45,0.02870813,1.401298E-45,1.401298E-45,3.560143E-29,5.950498E-31,6.603327E-05,0.005896992,1.159022E-07,0.00481042,6.45821E-12,3.4205E-21,4.461301E-24,0.01067361,_,_,0,_,_
t,2024-03-03-11-32:41:8141,1,-1,-1,-1,71,71,Untagged,0.2159669,0.2316724,1.401298E-45,7.736552E-11,0.2079554,0.1426558,1.401298E-45,1.401298E-45,1.503753E-38,1.968698E-29,1.401298E-45,1.401298E-45,0.3317707,0.02764422,0.386464,0.3497809,0,0,0.6705075,0.5846168,0,0,0.003217294,0.001827139,0.02078618,1.401298E-45,2.133658E-38,1.401298E-45,0.3905615,4.176774E-12,0.02449192,0.01086564,1.968409E-29,1.640035E-38,0,0,0,0,0,0,1.28984E-05,2.133658E-38,1.420985E-24,1.401298E-45,0.01711986,1.401298E-45,0.01086361,1.401298E-45,1.401298E-45,1.401298E-45,0.0311957,1.401298E-45,1.401298E-45,1.768375E-29,2.955699E-31,0.0083947,0.009621115,7.923583E-08,0.003083599,3.207639E-12,1.696432E-21,2.215994E-24,0.01077999,_,_,0,_,_
t,2024-03-03-11-32:41:8547,1,-1,-1,-1,71,71,Untagged,0.2005682,0.2085643,1.401298E-45,5.452512E-11,0.1819832,0.1212088,1.401298E-45,1.401298E-45,1.059813E-38,1.387497E-29,1.401298E-45,1.401298E-45,0.22855,0.0002864748,0.3144787,0.1118455,0,0,0.8152009,0.7360893,0,0,0.004816437,0.00669403,0.02445997,1.401298E-45,1.503757E-38,1.401298E-45,0.3841197,2.838829E-12,0.02595325,0.01086564,1.387293E-29,1.155862E-38,0,0,0,0,0,0,9.048093E-06,1.503757E-38,1.00148E-24,1.401298E-45,0.01469427,1.401298E-45,0.01086423,1.401298E-45,1.401298E-45,1.401298E-45,0.03172329,1.401298E-45,1.401298E-45,1.246314E-29,2.083115E-31,0.009580278,0.00548751,6.551433E-08,0.002488671,2.260611E-12,1.19493E-21,1.561786E-24,0.01080768,_,_,0,_,_
t,2024-03-03-11-32:41:9000,1,-1,-1,-1,71,71,Untagged,0.1751002,0.1801288,1.401298E-45,3.842801E-11,0.148766,0.09277886,1.401298E-45,1.401298E-45,7.469365E-39,9.778819E-30,1.401298E-45,1.401298E-45,0.1230319,1.222268E-05,0.1702769,0.04916788,0,0,0.8050783,0.7265,0,0,0.009752099,0.01007348,0.02593263,1.401298E-45,1.05982E-38,1.401298E-45,0.3429998,1.941451E-12,0.01872351,0.01086564,9.77738E-30,8.1463E-39,0,0,0,0,0,0,6.352299E-06,1.05982E-38,7.058244E-25,1.401298E-45,0.02195553,1.401298E-45,0.01086466,1.401298E-45,1.401298E-45,1.401298E-45,0.03204113,1.401298E-45,1.401298E-45,8.783784E-30,1.46814E-31,0.005409358,0.003236779,5.416912E-08,0.005385902,1.593198E-12,8.41768E-22,1.100717E-24,0.01082614,_,_,0,_,_
t,2024-03-03-11-32:41:9421,1,-1,-1,-1,71,71,Untagged,0.1581648,0.1702746,1.401298E-45,2.708316E-11,0.1282897,0.08280526,1.401298E-45,1.401298E-45,5.264265E-39,6.891923E-30,1.401298E-45,1.401298E-45,0.0758917,1.654029E-06,0.1049372,0.02932831,0,0,0.7021349,0.6213695,0,0,0.01316635,0.0190798,0.02656668,1.401298E-45,7.469407E-39,1.401298E-45,0.2938481,1.334592E-12,0.01515189,0.01086564,6.890909E-30,5.741355E-39,0,0,0,0,0,0,4.462672E-06,7.469407E-39,4.974514E-25,1.401298E-45,0.017148,1.401298E-45,0.01086496,1.401298E-45,1.401298E-45,1.401298E-45,0.03133595,1.401298E-45,1.401298E-45,6.190641E-30,1.034717E-31,0.003163235,0.00196468,4.478857E-08,0.004306414,1.122833E-12,5.930311E-22,7.757643E-25,0.005042007,_,_,0,_,_
t,2024-03-03-11-32:41:9838,1,-1,-1,-1,71,71,Untagged,0.1383923,0.1563972,1.401298E-45,1.345246E-11,0.1263348,0.07351416,1.401298E-45,1.401298E-45,2.614833E-39,3.423312E-30,1.401298E-45,1.401298E-45,0.03287823,1.676381E-07,0.04920056,0.01633647,0,0,0.5799707,0.4969271,0,0,0.02138274,0.02488424,0.02699923,1.401298E-45,3.710156E-39,1.401298E-45,0.2533904,6.383286E-13,0.01229514,0.01086564,3.422808E-30,2.851809E-39,0,0,0,0,0,0,2.205976E-06,3.710156E-39,2.470909E-25,1.401298E-45,0.01309077,1.401298E-45,0.01086531,1.401298E-45,1.401298E-45,1.401298E-45,0.03395003,1.401298E-45,1.401298E-45,3.074976E-30,5.139579E-32,0.001178008,0.000775721,3.061941E-08,0.002798134,5.577097E-13,2.943936E-22,3.853327E-25,0.008505129,_,_,0,_,_
t,2024-03-03-11-32:42:0239,1,-1,-1,-1,71,71,Untagged,0.1116232,0.1258308,1.401298E-45,9.48094E-12,0.1221072,0.06830274,1.401298E-45,1.401298E-45,1.842871E-39,2.412669E-30,1.401298E-45,1.401298E-45,0.05111239,1.676381E-07,0.06735854,0.01629651,0,0,0.5227103,0.4387145,0,0,0.01918836,0.02102541,0.02707158,1.401298E-45,2.61483E-39,1.401298E-45,0.2150673,4.435468E-13,0.01173036,0.01086564,2.412314E-30,2.009888E-39,0,0,0,0,0,0,1.551908E-06,2.61483E-39,1.741438E-25,1.401298E-45,0.02124055,1.401298E-45,0.02084738,1.401298E-45,1.401298E-45,1.401298E-45,0.03448721,1.401298E-45,1.401298E-45,2.16717E-30,3.622254E-32,0.0007439315,0.0005010757,2.531691E-08,0.00226983,3.930562E-13,2.07436E-22,2.715733E-25,0.009325409,_,_,0,_,_
t,2024-03-03-11-32:42:0640,1,-1,-1,-1,71,71,Untagged,0.1043235,0.1157264,1.401298E-45,6.681916E-12,0.1205883,0.06645837,1.401298E-45,1.401298E-45,1.29881E-39,1.70039E-30,1.401298E-45,1.401298E-45,0.03314977,1.695007E-07,0.04942868,0.01629357,0,0,0.4910702,0.4065992,0,0,0.02005886,0.01816024,0.02711029,1.401298E-45,1.842869E-39,1.401298E-45,0.2060416,3.089541E-13,0.02067371,0.01086564,1.70014E-30,1.416519E-39,0,0,0,0,0,0,1.09211E-06,1.842869E-39,1.227323E-25,1.401298E-45,0.0244839,1.401298E-45,0.01706025,1.401298E-45,1.401298E-45,1.401298E-45,0.03392837,1.401298E-45,1.401298E-45,1.527368E-30,2.552875E-32,0.0004784164,0.0003284158,2.093265E-08,0.00184732,2.770138E-13,1.461692E-22,1.913982E-25,0.009847566,_,_,0,_,_
t,2024-03-03-11-32:42:1189,1,-1,-1,-1,71,71,Untagged,0.0854062,0.1046157,1.401298E-45,3.318998E-12,0.1083698,0.06545446,1.401298E-45,1.401298E-45,6.451396E-40,8.446102E-31,1.401298E-45,1.401298E-45,0.03401763,0,0.03575546,0.001742729,0,0,0.4179569,0.3330333,0,0,0.01858714,0.02027364,0.01773972,1.401298E-45,9.153814E-40,1.401298E-45,0.1707198,1.507625E-13,0.01407852,0.01086564,8.44486E-31,7.036074E-40,0,0,0,0,0,0,5.412427E-07,9.153814E-40,6.096304E-26,1.401298E-45,0.01825512,1.401298E-45,0.01339751,1.401298E-45,1.401298E-45,1.401298E-45,0.03214809,1.401298E-45,1.401298E-45,7.586676E-31,1.268053E-32,0.0002066268,0.0001460497,1.43105E-08,0.003988159,1.375951E-13,7.258462E-23,9.507048E-26,0.004797455,_,_,0,_,_
t,2024-03-03-11-32:42:1573,1,-1,-1,-1,71,71,Untagged,0.08091448,0.0847832,1.401298E-45,2.339151E-12,0.1049737,0.05833762,1.401298E-45,1.401298E-45,4.546793E-40,5.95262E-31,1.401298E-45,1.401298E-45,0.02214331,0,0.02236102,0.0002184899,0,0,0.4153401,0.3304724,0,0,0.01695661,0.0175331,0.02189385,1.401298E-45,6.451396E-40,1.401298E-45,0.1868956,1.055497E-13,0.01279549,0.01086564,5.951745E-31,4.958859E-40,0,0,0,0,0,0,3.811328E-07,6.451396E-40,4.296536E-26,1.401298E-45,0.01470483,1.401298E-45,0.01252297,1.401298E-45,1.401298E-45,1.401298E-45,0.03131732,1.401298E-45,1.401298E-45,5.346917E-31,8.936949E-33,0.0001381365,9.873018E-05,1.18323E-08,0.003222266,9.697342E-14,5.115073E-23,6.700351E-26,0.007085063,_,_,0,_,_
t,2024-03-03-11-32:42:1992,1,-1,-1,-1,71,71,Untagged,0.06739742,0.05252538,1.401298E-45,1.648574E-12,0.09601948,0.0559066,1.401298E-45,1.401298E-45,3.204461E-40,4.19526E-31,1.401298E-45,1.401298E-45,0.02114409,0,0.02117516,3.193956E-05,0,0,0.4050555,0.3205603,0,0,0.01268275,0.01311999,0.02410759,1.401298E-45,4.546779E-40,1.401298E-45,0.1852304,7.398071E-14,0.01205526,0.01086564,4.194643E-31,3.49488E-40,0,0,0,0,0,0,2.68425E-07,4.546779E-40,3.028093E-26,1.401298E-45,0.02137812,1.401298E-45,0.01196405,1.401298E-45,1.401298E-45,1.401298E-45,0.0317319,1.401298E-45,1.401298E-45,3.768375E-31,6.298541E-33,9.317813E-05,6.7217E-05,9.783237E-09,0.002613781,6.834417E-14,3.604671E-23,4.722242E-26,0.008462,_,_,0,_,_
t,2024-03-03-11-32:42:2564,1,-1,-1,-1,71,71,Untagged,0.0619069,0.05271169,1.401298E-45,8.188718E-13,0.1017956,0.05463608,1.401298E-45,1.401298E-45,1.591707E-40,2.083854E-31,1.401298E-45,1.401298E-45,0.01829268,0,0.01829326,1.055906E-06,0,0,0.371179,0.2862842,0,0,0.01481082,0.00959265,0.02604055,1.401298E-45,2.258459E-40,1.401298E-45,0.190509,3.644312E-14,0.0113468,0.01086564,2.083547E-31,1.735971E-40,0,0,0,0,0,0,1.331902E-07,2.258459E-40,1.504103E-26,1.401298E-45,0.02200199,1.401298E-45,0.01136253,1.401298E-45,1.401298E-45,1.401298E-45,0.0321936,1.401298E-45,1.401298E-45,1.871813E-31,3.128588E-33,4.330189E-05,3.168149E-05,6.688269E-09,0.001735907,3.394744E-14,1.790269E-23,2.345614E-26,0.009845671,_,_,0,_,_
t,2024-03-03-11-32:42:3053,1,-1,-1,-1,71,71,Untagged,0.05898199,0.05331434,1.401298E-45,4.067426E-13,0.1028611,0.05440541,1.401298E-45,1.401298E-45,7.906126E-41,1.035074E-31,1.401298E-45,1.401298E-45,0.001059517,0,0.001059576,5.957844E-08,0,0,0.3610224,0.2760051,0,0,0.01606724,0.01175269,0.02671203,1.401298E-45,1.121795E-40,1.401298E-45,0.1476336,1.799904E-14,0.01107285,0.01086564,1.034922E-31,8.62275E-41,0,0,0,0,0,0,6.610929E-08,1.121795E-40,7.471054E-27,1.401298E-45,0.01742256,1.401298E-45,0.01109706,1.401298E-45,1.401298E-45,1.401298E-45,0.03240511,1.401298E-45,1.401298E-45,9.297513E-32,1.554006E-33,2.054653E-05,1.517994E-05,4.572382E-09,0.001163428,1.686201E-14,8.891694E-24,1.165094E-26,0.01041133,_,_,0,_,_
t,2024-03-03-11-32:42:3499,1,-1,-1,-1,71,71,Untagged,0.06630689,0.06434027,1.401298E-45,2.866645E-13,0.1117641,0.05904324,1.401298E-45,1.401298E-45,5.572123E-41,7.295014E-32,1.401298E-45,1.401298E-45,0.0232601,0,0.02325892,1.695459E-08,0,0,0.3610124,0.275952,0,0,0.01760999,0.01358817,0.02686995,1.401298E-45,7.906266E-41,1.401298E-45,0.2300054,1.265841E-14,0.01100401,0.01086564,7.29394E-32,6.077151E-41,0,0,0,0,0,0,4.658001E-08,7.906266E-41,5.265461E-27,1.401298E-45,0.02232993,1.401298E-45,0.01102484,1.401298E-45,1.401298E-45,1.401298E-45,0.03246393,1.401298E-45,1.401298E-45,6.552716E-32,1.095235E-33,1.423424E-05,1.0555E-05,3.780579E-09,0.0009548317,1.188402E-14,6.266496E-24,8.211368E-27,0.01055834,_,_,0,_,_
t,2024-03-03-11-32:42:3921,1,-1,-1,-1,71,71,Untagged,0.06711534,0.07175998,1.401298E-45,2.020356E-13,0.1156842,0.06156733,1.401298E-45,1.401298E-45,3.927139E-41,5.141385E-32,1.401298E-45,1.401298E-45,0.03039341,0,0.03039082,5.380371E-09,0,0,0.5167936,0.4333302,0,0,0.01878234,0.01497356,0.02697013,1.401298E-45,5.572123E-41,1.401298E-45,0.2442055,8.905706E-15,0.0109589,0.01086564,5.140629E-32,4.283069E-41,0,0,0,0,0,0,3.282135E-08,5.572123E-41,3.710996E-27,1.401298E-45,0.02463563,1.401298E-45,0.01097562,1.401298E-45,1.401298E-45,1.401298E-45,0.03497565,1.401298E-45,1.401298E-45,4.618228E-32,7.719003E-34,9.890357E-06,7.356242E-06,3.125891E-09,0.0007846415,8.375615E-15,4.416387E-24,5.787214E-27,0.01065632,_,_,0,_,_
t,2024-03-03-11-32:42:4297,1,-1,-1,-1,71,71,Untagged,0.07214275,0.07689834,1.401298E-45,1.423902E-13,0.1175201,0.06299333,1.401298E-45,1.401298E-45,2.767705E-41,3.623535E-32,1.401298E-45,1.401298E-45,0.03290647,0,0.03290291,1.887037E-09,0,0,0.5167936,0.4333302,0,0,0.02326337,0.02178713,0.02703475,1.401298E-45,3.927139E-41,1.401298E-45,0.2470062,6.267411E-15,0.01092897,0.01086564,3.623002E-32,3.018677E-41,0,0,0,0,0,0,2.312749E-08,3.927139E-41,2.615428E-27,1.401298E-45,0.02577979,1.401298E-45,0.01094187,1.401298E-45,1.401298E-45,1.401298E-45,0.03509693,1.401298E-45,1.401298E-45,3.254826E-32,5.440184E-34,6.888921E-06,5.136759E-06,2.58457E-09,0.00064547,5.902943E-15,3.112502E-24,4.078701E-27,0.01072223,_,_,0,_,_
t,2024-03-03-11-32:42:4688,1,-1,-1,-1,71,71,Untagged,0.08606632,0.09744669,1.401298E-45,1.003533E-13,0.1184286,0.06382567,1.401298E-45,1.401298E-45,1.950607E-41,2.553786E-32,1.401298E-45,1.401298E-45,0.02469058,5.551115E-17,0.02468946,7.248939E-10,0,0,0.5088501,0.4252341,0,0,0.02639058,0.0310898,0.02707704,1.401298E-45,2.767705E-41,1.401298E-45,0.2366259,4.411813E-15,0.01090892,0.01086564,2.55341E-32,2.127451E-41,0,0,0,0,0,0,1.629724E-08,2.767705E-41,1.843294E-27,1.401298E-45,0.01753996,1.401298E-45,0.01091863,1.401298E-45,1.401298E-45,1.401298E-45,0.03427031,1.401298E-45,1.401298E-45,2.293927E-32,3.834118E-34,4.808075E-06,3.592653E-06,2.13699E-09,0.004133788,4.160256E-15,2.19358E-24,2.874576E-27,0.004978434,_,_,0,_,_
t,2024-03-03-11-32:42:5092,1,-1,-1,-1,71,71,Untagged,0.102681,0.1063279,1.401298E-45,4.984692E-14,0.1191566,0.06463302,1.401298E-45,1.401298E-45,9.689979E-42,1.268502E-32,1.401298E-45,1.401298E-45,0.02739769,0,0.02739602,1.356419E-10,0,0,0.4988042,0.414998,0,0,0.03025985,0.03423664,0.02712377,1.401298E-45,1.374814E-41,1.401298E-45,0.2311181,2.187427E-15,0.01088616,0.01086564,1.268315E-32,1.056719E-41,0,0,0,0,0,0,8.0932E-09,1.374814E-41,9.155908E-28,1.401298E-45,0.02436814,1.401298E-45,0.01089142,1.401298E-45,1.401298E-45,1.401298E-45,0.03429614,1.401298E-45,1.401298E-45,1.139426E-32,1.904461E-34,2.353305E-06,1.763981E-06,1.460941E-09,0.002721461,2.066455E-15,1.089552E-24,0.003800433,0.005875151,_,_,0,_,_
t,2024-03-03-11-32:42:5471,1,-1,-1,-1,71,71,Untagged,0.09384321,0.09874047,1.401298E-45,3.513087E-14,0.1193008,0.06482633,1.401298E-45,1.401298E-45,6.829929E-42,8.940088E-33,1.401298E-45,1.401298E-45,0.02346462,0,0.02346377,6.495237E-11,0,0,0.5142125,0.4305312,0,0,0.02888599,0.0311674,0.02713642,1.401298E-45,9.689979E-42,1.401298E-45,0.2428102,1.540595E-15,0.01087985,0.01086564,8.938772E-33,7.447901E-42,0,0,0,0,0,0,5.703394E-09,9.689979E-42,6.452858E-28,1.401298E-45,0.02556264,1.401298E-45,0.01088367,1.401298E-45,1.401298E-45,1.401298E-45,0.0346508,1.401298E-45,1.401298E-45,8.030396E-33,1.342217E-34,1.649422E-06,1.237831E-06,1.207943E-09,0.002218565,1.456386E-15,7.678813E-25,0.00248569,0.007820645,_,_,0,_,_
t,2024-03-03-11-32:42:5896,1,-1,-1,-1,71,71,Untagged,0.09275234,0.1009519,1.401298E-45,2.475963E-14,0.1193848,0.06495005,1.401298E-45,1.401298E-45,4.81346E-42,6.300818E-33,1.401298E-45,1.401298E-45,0.02204284,0,0.0220422,3.293114E-11,0,0,0.5141404,0.4303337,0,0,0.02780308,0.02884875,0.02714501,1.401298E-45,6.829929E-42,1.401298E-45,0.2157641,1.085174E-15,0.01087551,0.01086564,6.299891E-33,5.249264E-42,0,0,0,0,0,0,4.019366E-09,6.829929E-42,4.547862E-28,1.401298E-45,0.02621606,1.401298E-45,0.01087827,1.401298E-45,1.401298E-45,1.401298E-45,0.03395284,1.401298E-45,1.401298E-45,5.659684E-33,9.459714E-35,1.157188E-06,8.69279E-07,9.98763E-10,0.00181302,1.026435E-15,5.411847E-25,0.001646313,0.008963462,_,_,0,_,_
t,2024-03-03-11-32:42:6419,1,-1,-1,-1,71,71,Untagged,0.09875295,0.09934655,1.401298E-45,1.745003E-14,0.1194351,0.06503046,1.401298E-45,1.401298E-45,3.392544E-42,4.440675E-33,1.401298E-45,1.401298E-45,0.0265519,0,0.02655056,1.754886E-11,0,0,0.5069422,0.423018,0,0,0.02694282,0.02334408,0.02715089,1.401298E-45,4.81346E-42,1.401298E-45,0.1922007,7.644501E-16,0.01087251,0.01086564,4.440022E-33,3.699428E-42,0,0,0,0,0,0,2.832591E-09,4.81346E-42,3.205231E-28,1.401298E-45,0.02658689,1.401298E-45,0.01087449,1.401298E-45,1.401298E-45,1.401298E-45,0.03566475,1.401298E-45,1.401298E-45,3.988818E-33,6.666994E-35,8.124858E-07,6.108338E-07,8.258036E-10,0.001484594,7.234082E-16,3.814121E-25,0.001101868,0.009653525,_,_,0,_,_
t,2024-03-03-11-32:42:6825,1,-1,-1,-1,71,71,Untagged,0.08041728,0.09332125,1.401298E-45,8.667677E-15,0.1098187,0.05936032,1.401298E-45,1.401298E-45,1.684361E-42,2.205747E-33,1.401298E-45,1.401298E-45,0.02218633,0,0.02218568,5.638293E-12,0,0,0.4844336,0.4001676,0,0,0.02294892,0.0167606,0.02715772,1.401298E-45,2.390615E-42,1.401298E-45,0.1845575,3.794464E-16,0.01086899,0.01086564,2.205422E-33,1.838504E-42,0,0,0,0,0,0,0.00589806,2.390615E-42,1.592084E-28,1.401298E-45,0.0269351,1.401298E-45,0.01087,1.401298E-45,1.401298E-45,1.401298E-45,0.03511632,1.401298E-45,1.401298E-45,1.981303E-33,3.311591E-35,4.012765E-07,3.020531E-07,5.645559E-10,0.001000167,3.59327E-16,1.894508E-25,0.0005059912,0.01034949,_,_,0,_,_
t,2024-03-03-11-32:42:7193,1,-1,-1,-1,71,71,Untagged,0.07799734,0.0893022,1.401298E-45,6.108777E-15,0.09808189,0.04476795,1.401298E-45,1.401298E-45,1.1869E-42,1.554559E-33,1.401298E-45,1.401298E-45,0.02161185,0,0.02161113,3.360968E-12,0,0,0.3903257,0.3052634,0,0,0.01641924,0.0123489,0.02715965,1.401298E-45,1.684361E-42,1.401298E-45,0.1845033,2.673546E-16,0.01086799,0.01086564,1.554331E-33,1.296201E-42,0,0,0,0,0,0,0.003800255,1.684361E-42,1.122064E-28,1.401298E-45,0.02701591,1.401298E-45,0.01086871,1.401298E-45,1.401298E-45,1.401298E-45,0.03420759,1.401298E-45,1.401298E-45,1.396376E-33,2.333933E-35,2.822068E-07,2.125231E-07,4.667894E-10,0.0008224363,2.532452E-16,1.3352E-25,0.0003462351,0.01052244,_,_,0,_,_
t,2024-03-03-11-32:42:7591,1,-1,-1,-1,71,71,Untagged,0.07625541,0.07768751,1.401298E-45,4.305357E-15,0.100652,0.04873871,1.401298E-45,1.401298E-45,8.365752E-43,1.095626E-33,1.401298E-45,1.401298E-45,0.02133932,0,0.02133836,2.05845E-12,0,0,0.2887492,0.2031199,0,0,0.01516384,0.01141371,0.02716099,1.401298E-45,1.1869E-42,1.401298E-45,0.1709448,1.883858E-16,0.01086729,0.01086564,1.095465E-33,9.136466E-43,0,0,0,0,0,0,0.002485534,1.1869E-42,7.908106E-29,1.401298E-45,0.02706682,1.401298E-45,0.0108678,1.401298E-45,1.401298E-45,1.401298E-45,0.03364347,1.401298E-45,1.401298E-45,9.841411E-34,1.644914E-35,1.985432E-07,1.495749E-07,3.859553E-10,0.0006769334,1.784827E-16,9.410219E-26,0.0002381204,0.01063518,_,_,0,_,_
t,2024-03-03-11-32:42:7984,1,-1,-1,-1,71,71,Untagged,0.07497562,0.0704294,1.401298E-45,3.034316E-15,0.09546739,0.05096091,1.401298E-45,1.401298E-45,5.899467E-43,7.721716E-34,1.401298E-45,1.401298E-45,0.007015447,0,0.007015436,1.289965E-12,0,0,0.2722989,0.186535,0,0,0.01421482,0.01069757,0.02716193,1.401298E-45,8.365752E-43,1.401298E-45,0.1450347,1.327461E-16,0.0108668,0.01086564,7.720582E-34,6.445973E-43,0,0,0,0,0,0,0.001646157,8.365752E-43,5.57345E-29,1.401298E-45,0.02709948,1.401298E-45,0.01086716,1.401298E-45,1.401298E-45,1.401298E-45,0.03328625,1.401298E-45,1.401298E-45,6.935999E-34,1.159298E-35,1.397243E-07,1.05296E-07,3.191179E-10,0.0005576074,1.257905E-16,6.632087E-26,0.0001644526,0.00499482,_,_,0,_,_
t,2024-03-03-11-32:42:8452,1,-1,-1,-1,71,71,Untagged,0.07401857,0.07156722,1.401298E-45,2.138517E-15,0.09861425,0.0522473,1.401298E-45,1.401298E-45,4.161856E-43,5.44209E-34,1.401298E-45,1.401298E-45,0.002825607,0,0.002825607,8.241985E-13,0,0,0.2706935,0.184871,0,0,0.01610875,0.01014254,0.02716258,1.401298E-45,5.899467E-43,1.401298E-45,0.1589216,9.35425E-17,0.01086645,0.01086564,5.441291E-34,4.540207E-43,0,0,0,0,0,0,0.001101743,5.899467E-43,3.928041E-29,1.401298E-45,0.03319076,1.401298E-45,0.02082085,1.401298E-45,1.401298E-45,1.401298E-45,0.03527348,1.401298E-45,1.401298E-45,0.005898186,8.170467E-36,9.835563E-08,7.413988E-08,2.63855E-10,0.0004596142,8.865427E-17,4.674134E-26,0.005919015,0.002489662,_,_,0,_,_
t,2024-03-03-11-32:42:8817,1,-1,-1,-1,71,71,Untagged,0.07567595,0.06316989,1.401298E-45,1.062223E-15,0.09352183,0.05348329,1.401298E-45,1.401298E-45,2.059909E-43,2.703141E-34,1.401298E-45,1.401298E-45,0.0009915601,0,0.0009915601,3.524137E-13,0,0,0.2651176,0.1791478,0,0,0.01607529,0.009364598,0.02716336,1.401298E-45,2.928714E-43,1.401298E-45,0.1560585,4.645306E-17,0.01086604,0.01086564,2.702744E-34,2.256091E-43,0,0,0,0,0,0,0.0005059147,2.928714E-43,1.951098E-29,1.401298E-45,0.02989153,1.401298E-45,0.01474004,1.401298E-45,1.401298E-45,1.401298E-45,0.03465107,1.401298E-45,1.401298E-45,0.002485704,4.058353E-36,4.876514E-08,3.677329E-08,1.803821E-10,0.0003127394,4.403546E-17,2.321682E-26,0.002436757,0.005513372,_,_,0,_,_
t,2024-03-03-11-32:42:9190,1,-1,-1,-1,71,71,Untagged,0.07459446,0.06084103,1.401298E-45,7.486293E-16,0.09681083,0.05377654,1.401298E-45,1.401298E-45,1.45735E-43,1.905109E-34,1.401298E-45,1.401298E-45,0.0008068513,0,0.0008068514,2.347007E-13,0,0,0.2674028,0.1814216,0,0,0.01494605,0.009091361,0.02716358,1.401298E-45,2.059909E-43,1.401298E-45,0.1434045,3.273626E-17,0.01086592,0.01086564,1.90483E-34,1.583467E-43,0,0,0,0,0,0,0.0003461787,2.059909E-43,1.375087E-29,1.401298E-45,0.02902013,1.401298E-45,0.01335444,1.401298E-45,1.401298E-45,1.401298E-45,0.03601616,1.401298E-45,1.401298E-45,0.001646304,2.860231E-36,3.434504E-08,2.590304E-08,1.491445E-10,0.0002581268,3.103514E-17,1.636264E-26,0.001599494,0.007757999,_,_,0,_,_
t,2024-03-03-11-32:42:9587,1,-1,-1,-1,71,71,Untagged,0.07760316,0.06997621,1.401298E-45,5.276188E-16,0.09446869,0.05396336,1.401298E-45,1.401298E-45,1.022948E-43,1.342683E-34,1.401298E-45,1.401298E-45,0.0007301618,0,0.0007301618,1.578114E-13,0,0,0.2752846,0.1893881,0,0,0.01407701,0.008872539,0.02716374,1.401298E-45,1.45735E-43,1.401298E-45,0.1678987,2.307025E-17,0.01086584,0.01086564,1.342486E-34,1.121039E-43,0,0,0,0,0,0,0.0002380787,1.45735E-43,9.691338E-30,1.401298E-45,0.02843473,1.401298E-45,0.01248929,1.401298E-45,1.401298E-45,1.401298E-45,0.03332548,1.401298E-45,1.401298E-45,0.001101866,2.015833E-36,2.419202E-08,1.824785E-08,1.233169E-10,0.0002131165,2.187294E-17,1.153204E-26,0.001062548,0.004006206,_,_,0,_,_
t,2024-03-03-11-32:43:0016,1,-1,-1,-1,71,71,Untagged,0.07493737,0.0607183,1.401298E-45,2.620748E-16,0.0975068,0.0541637,1.401298E-45,1.401298E-45,5.044674E-44,6.669272E-35,1.401298E-45,1.401298E-45,0.01247072,0,0.01247063,7.298162E-14,0,0,0.267298,0.181305,0,0,0.01286895,0.006759183,0.02716392,1.401298E-45,7.146622E-44,1.401298E-45,0.1705305,1.145808E-17,0.01086574,0.01086564,6.668292E-35,5.465064E-44,0,0,0,0,0,0,0.0001139508,7.146622E-44,4.813808E-30,1.401298E-45,0.02115287,1.401298E-45,0.01158253,1.401298E-45,1.401298E-45,1.401298E-45,0.03384246,1.401298E-45,1.401298E-45,0.0005059876,1.001289E-36,1.200623E-08,9.057861E-09,8.430467E-11,0.000145376,1.086456E-17,5.7281E-27,0.0004823722,0.008572804,_,_,0,_,_
t,2024-03-03-11-32:43:0432,1,-1,-1,-1,71,71,Untagged,0.07493737,0.0607183,1.401298E-45,2.620748E-16,0.0975068,0.0541637,1.401298E-45,1.401298E-45,5.044674E-44,6.669272E-35,1.401298E-45,1.401298E-45,0.01247072,0,0.01247063,7.298162E-14,0,0,0.267298,0.181305,0,0,0.01286895,0.006759183,0.02716392,1.401298E-45,7.146622E-44,1.401298E-45,0.1705305,1.145808E-17,0.01086574,0.01086564,6.668292E-35,5.465064E-44,0,0,0,0,0,0,0.0001139508,7.146622E-44,4.813808E-30,1.401298E-45,0.02115287,1.401298E-45,0.01158253,1.401298E-45,1.401298E-45,1.401298E-45,0.03384246,1.401298E-45,1.401298E-45,0.0005059876,1.001289E-36,1.200623E-08,9.057861E-09,8.430467E-11,0.000145376,1.086456E-17,5.7281E-27,0.0004823722,0.008572804,_,_,0,_,_
t,2024-03-03-11-32:43:0860,1,-1,-1,-1,71,71,Untagged,0.07335635,0.05402656,1.401298E-45,1.301768E-16,0.09610119,0.05425177,1.401298E-45,1.401298E-45,2.522337E-44,3.312736E-35,1.401298E-45,1.401298E-45,0.01471868,0,0.0147185,3.451344E-14,0,0,0.2777292,0.1918389,0,0,0.01211155,0.007124861,0.02716402,1.401298E-45,3.503246E-44,1.401298E-45,0.127106,5.691004E-18,0.01086569,0.01086564,3.312249E-35,2.662467E-44,0,0,0,0,0,0,5.517991E-05,3.503246E-44,2.391097E-30,1.401298E-45,0.02465552,1.401298E-45,0.01119395,1.401298E-45,1.401298E-45,1.401298E-45,0.03313868,1.401298E-45,1.401298E-45,0.0002381196,4.973567E-37,5.960211E-09,4.497127E-09,5.763454E-11,9.923663E-05,5.396603E-18,2.845238E-27,0.0002252109,0.01000412,_,_,0,_,_
t,2024-03-03-11-32:43:1215,1,-1,-1,-1,71,71,Untagged,0.07281122,0.05986623,1.401298E-45,9.174569E-17,0.09908127,0.05427567,1.401298E-45,1.401298E-45,1.821688E-44,2.334741E-35,1.401298E-45,1.401298E-45,0.007314208,0,0.007314196,2.387983E-14,0,0,0.2795446,0.1936687,0,0,0.01184175,0.00726149,0.02716405,1.401298E-45,2.522337E-44,1.401298E-45,0.1346606,4.010783E-18,0.01086568,0.01086564,2.334399E-35,1.821688E-44,0,0,0,0,0,0,3.852059E-05,2.522337E-44,1.685191E-30,1.401298E-45,0.02550888,1.401298E-45,0.01109006,1.401298E-45,1.401298E-45,1.401298E-45,0.03389948,1.401298E-45,1.401298E-45,0.0001644521,3.505258E-37,4.199705E-09,3.16893E-09,4.765376E-11,8.200538E-05,3.803404E-18,2.005258E-27,0.0001550722,0.01031969,_,_,0,_,_
t,2024-03-03-11-32:43:1597,1,-1,-1,-1,71,71,Untagged,0.06427076,0.05372667,1.401298E-45,6.466081E-17,0.1007392,0.05429194,1.401298E-45,1.401298E-45,1.261169E-44,1.645486E-35,1.401298E-45,1.401298E-45,0.004000098,0,0.004000097,1.657502E-14,0,0,0.2771905,0.1912628,0,0,0.01162412,0.005701683,0.02716406,1.401298E-45,1.821688E-44,1.401298E-45,0.1526463,2.82667E-18,0.01086567,0.01086564,1.645245E-35,1.261169E-44,0,0,0,0,0,0,2.693534E-05,1.821688E-44,1.187694E-30,1.401298E-45,0.02605974,1.401298E-45,0.01101985,1.401298E-45,1.401298E-45,1.401298E-45,0.03345816,1.401298E-45,1.401298E-45,0.0001139725,2.470446E-37,2.959347E-09,2.233092E-09,3.940157E-11,6.777303E-05,2.680575E-18,1.413272E-27,0.0001072051,0.01051352,_,_,0,_,_
t,2024-03-03-11-32:43:2021,1,-1,-1,-1,71,71,Untagged,0.07049677,0.05978875,1.401298E-45,4.557169E-17,0.1016941,0.05430309,1.401298E-45,1.401298E-45,8.407791E-45,1.159707E-35,1.401298E-45,1.401298E-45,0.01389311,0,0.01389297,1.153498E-14,0,0,0.2788757,0.1929317,0,0,0.01431059,0.009212944,0.02716408,1.401298E-45,1.261169E-44,1.401298E-45,0.1292181,1.992145E-18,0.01086566,0.01086564,1.159537E-35,8.407791E-45,0,0,0,0,0,0,1.886001E-05,1.261169E-44,8.370639E-31,1.401298E-45,0.02642041,1.401298E-45,0.01097207,1.401298E-45,1.401298E-45,1.401298E-45,0.03199954,1.401298E-45,1.401298E-45,7.921613E-05,1.741123E-37,2.085379E-09,1.573656E-09,3.257834E-11,0.003736791,1.889217E-18,9.960463E-28,7.435913E-05,0.01063515,_,_,0,_,_
t,2024-03-03-11-32:43:2561,1,-1,-1,-1,71,71,Untagged,0.1738878,0.1660821,1.401298E-45,2.263599E-17,0.1878366,0.1129471,1.401298E-45,1.401298E-45,4.203895E-45,5.760398E-36,1.401298E-45,1.401298E-45,0.08452678,0.08613545,0.4157019,0.4169202,0,0,0.3007834,0.2084823,0,0,0.01500457,0.01384659,0.02716409,1.401298E-45,5.605194E-45,1.401298E-45,0.08914246,9.894941E-19,0.01701723,0.01086564,5.759553E-36,4.203895E-45,0,0,0,0,0,0,9.27601E-06,5.605194E-45,4.157793E-31,1.401298E-45,0.01711709,1.401298E-45,0.01091685,1.401298E-45,1.401298E-45,1.401298E-45,0.03604156,1.401298E-45,1.401298E-45,3.852821E-05,8.648358E-38,0.005897848,0.005897919,2.227192E-11,0.005097163,9.383961E-19,4.947475E-28,3.605314E-05,0.01076334,_,_,0,_,_
t,2024-03-03-11-32:43:2940,1,-1,-1,-1,71,71,Untagged,0.1734323,0.1586772,1.401298E-45,1.595337E-17,0.1943893,0.1272737,1.401298E-45,1.401298E-45,2.802597E-45,4.059809E-36,1.401298E-45,1.401298E-45,0.07897958,0.0919728,0.430672,0.4354693,0,0,0.2022218,0.1059328,0,0,0.01128574,0.01061939,0.0271641,1.401298E-45,4.203895E-45,1.401298E-45,0.1100724,6.973677E-19,0.01474845,0.01086564,0.005898162,2.802597E-45,0,0,0,0,0,0,6.513431E-06,4.203895E-45,2.930326E-31,1.401298E-45,0.02109654,1.401298E-45,0.01090131,1.401298E-45,1.401298E-45,1.401298E-45,0.03683247,1.401298E-45,1.401298E-45,2.69406E-05,6.095183E-38,0.008447233,0.008447297,1.841504E-11,0.004105971,6.613621E-19,3.486877E-28,0.005885248,0.01079654,_,_,0,_,_
t,2024-03-03-11-32:43:3379,1,-1,-1,-1,71,71,Untagged,0.1657249,0.1542785,1.401298E-45,1.124355E-17,0.2092962,0.121409,1.401298E-45,1.401298E-45,1.401298E-45,2.861256E-36,1.401298E-45,1.401298E-45,0.1174966,0.06929415,0.4404145,0.425156,0,0,0.2023284,0.1060275,0,0,0.008623444,0.008247791,0.0271641,1.401298E-45,2.802597E-45,1.401298E-45,0.1194621,4.914837E-19,0.01336154,0.01086564,0.003800434,1.401298E-45,0,0,0,0,0,0,4.576502E-06,2.802597E-45,2.065223E-31,1.401298E-45,0.01517217,1.401298E-45,0.01089053,1.401298E-45,1.401298E-45,1.401298E-45,0.03729011,1.401298E-45,1.401298E-45,1.88636E-05,4.295738E-38,0.009621707,0.009621753,1.522602E-11,0.003322328,4.66112E-19,2.457466E-28,0.008428595,0.01081862,_,_,0,_,_
t,2024-03-03-11-32:43:3830,1,-1,-1,-1,71,71,Untagged,0.1439218,0.1441287,1.401298E-45,5.584854E-18,0.1842999,0.1063937,1.401298E-45,1.401298E-45,1.401298E-45,1.421232E-36,1.401298E-45,1.401298E-45,0.1277858,0.04328251,0.4336622,0.3958383,0,0,0.2017068,0.1059287,0,0,0.00522733,0.005126472,0.02716411,1.401298E-45,1.401298E-45,1.401298E-45,0.1010247,2.441247E-19,0.01194288,0.01086564,0.001646321,1.401298E-45,0,0,0,0,0,0,2.262751E-06,1.401298E-45,1.025829E-31,1.401298E-45,0.01968052,1.401298E-45,0.01087782,1.401298E-45,1.401298E-45,1.401298E-45,0.03772958,1.401298E-45,1.401298E-45,9.277896E-06,2.133762E-38,0.01048811,0.008052029,1.04092E-11,0.002198156,2.315254E-19,1.220663E-28,0.003100189,0.0108435,_,_,0,_,_
t,2024-03-03-11-32:43:4415,1,-1,-1,-1,71,71,Untagged,0.1427564,0.1341017,1.401298E-45,2.774041E-18,0.181913,0.1026574,1.401298E-45,1.401298E-45,1.401298E-45,7.059371E-37,1.401298E-45,1.401298E-45,0.1147857,0.0429289,0.4281374,0.3942274,0,0,0.210856,0.1153847,0,0,0.003288957,0.003282183,0.01720404,1.401298E-45,1.401298E-45,1.401298E-45,0.09677976,1.212576E-19,0.01135119,0.01086564,0.0007439586,1.401298E-45,0,0,0,0,0,0,1.120383E-06,1.401298E-45,5.095377E-32,1.401298E-45,0.02484178,1.401298E-45,0.01087163,1.401298E-45,1.401298E-45,1.401298E-45,0.03790018,1.401298E-45,1.401298E-45,4.577412E-06,1.059857E-38,0.01073344,0.007506753,7.116139E-12,0.001469407,1.150005E-19,6.063128E-29,0.006505054,0.01085504,_,_,0,_,_
t,2024-03-03-11-32:43:4845,1,-1,-1,-1,71,71,Untagged,0.1439628,0.1276972,1.401298E-45,1.955092E-18,0.1918212,0.1029446,1.401298E-45,1.401298E-45,1.401298E-45,4.975311E-37,1.401298E-45,1.401298E-45,0.1275847,0.04398909,0.4314811,0.3946507,0,0,0.2208502,0.1256889,0,0,0.002635794,0.002647735,0.01353807,1.401298E-45,1.401298E-45,1.401298E-45,0.10603,8.545979E-20,0.01119556,0.01086564,0.0005059892,1.401298E-45,0,0,0,0,0,0,7.886917E-07,1.401298E-45,3.591125E-32,1.401298E-45,0.02579861,1.401298E-45,0.01086985,1.401298E-45,1.401298E-45,1.401298E-45,0.03794315,1.401298E-45,1.401298E-45,3.217933E-06,7.469669E-39,0.01078413,0.004172488,5.883829E-12,0.001204776,8.105017E-20,4.273178E-29,0.008613878,0.01085827,_,_,0,_,_
t,2024-03-03-11-32:43:5251,1,-1,-1,-1,71,71,Untagged,0.1358837,0.1282977,1.401298E-45,1.377915E-18,0.1944249,0.1030786,1.401298E-45,1.401298E-45,1.401298E-45,3.506513E-37,1.401298E-45,1.401298E-45,0.116711,0.04406241,0.4281455,0.3947544,0,0,0.2208502,0.1256889,0,0,0.002123654,0.002144972,0.01952487,1.401298E-45,1.401298E-45,1.401298E-45,0.08259369,6.023042E-20,0.01109121,0.01086564,0.0003462368,1.401298E-45,0,0,0,0,0,0,5.553133E-07,1.401298E-45,2.530963E-32,1.401298E-45,0.02633749,1.401298E-45,0.0108686,1.401298E-45,1.401298E-45,1.401298E-45,0.03797134,1.401298E-45,1.401298E-45,2.26321E-06,5.264493E-39,0.01081427,0.007292066,4.864926E-12,0.0009892385,5.712277E-20,3.011662E-29,0.004896084,0.01086051,_,_,0,_,_
t,2024-03-03-11-32:43:5682,1,-1,-1,-1,71,71,Untagged,0.1348251,0.1232966,1.401298E-45,9.711221E-19,0.1891997,0.1140207,1.401298E-45,1.401298E-45,1.401298E-45,2.471308E-37,1.401298E-45,1.401298E-45,0.08628979,0.03860003,0.4119575,0.3859322,0,0,0.2298605,0.1348577,0,0,0.001718621,0.001743771,0.02272407,1.401298E-45,1.401298E-45,1.401298E-45,0.08965455,4.244889E-20,0.01102067,0.01086564,0.005977923,1.401298E-45,0,0,0,0,0,0,3.910556E-07,1.401298E-45,1.783763E-32,1.401298E-45,0.02665118,1.401298E-45,0.02081823,1.401298E-45,1.401298E-45,1.401298E-45,0.03799006,1.401298E-45,1.401298E-45,1.592304E-06,3.710292E-39,0.01083266,0.008874067,4.022446E-12,0.004378287,4.025879E-20,2.122549E-29,0.007733424,0.01086206,_,_,0,_,_
t,2024-03-03-11-32:43:6119,1,-1,-1,-1,71,71,Untagged,0.1315184,0.1117157,1.401298E-45,4.823699E-19,0.1858574,0.1127506,1.401298E-45,1.401298E-45,1.401298E-45,1.227533E-37,1.401298E-45,1.401298E-45,0.1135971,0.03680646,0.4215362,0.3820337,0,0,0.2290158,0.1341904,0,0,0.001137367,0.001161986,0.02552641,1.401298E-45,1.401298E-45,1.401298E-45,0.08400512,2.108489E-20,0.01093977,0.01086564,0.005013076,1.401298E-45,0,0,0,0,0,0,1.940058E-07,1.401298E-45,8.860201E-33,1.401298E-45,0.02695451,1.401298E-45,0.01473434,1.401298E-45,1.401298E-45,1.401298E-45,0.0380111,1.401298E-45,1.401298E-45,7.888577E-07,1.842954E-39,0.01085144,0.01017832,2.749921E-12,0.002875795,1.99971E-20,1.054299E-29,0.009884039,0.01086389,_,_,0,_,_
t,2024-03-03-11-32:43:6506,1,-1,-1,-1,71,71,Untagged,0.1269179,0.1166057,1.401298E-45,3.399637E-19,0.1765304,0.1014094,1.401298E-45,1.401298E-45,1.401298E-45,0.005898176,1.401298E-45,1.401298E-45,0.1023831,0.03336573,0.4140707,0.3755488,0,0,0.2308309,0.136035,0,0,0.0009290171,0.0009515852,0.01697152,1.401298E-45,1.401298E-45,1.401298E-45,0.1067714,1.486015E-20,0.01091714,0.01086564,0.00305718,1.401298E-45,0,0,0,0,0,0,1.366686E-07,1.401298E-45,6.244475E-33,1.401298E-45,0.02702692,1.401298E-45,0.02205534,1.401298E-45,1.401298E-45,1.401298E-45,0.03801688,1.401298E-45,1.401298E-45,5.554267E-07,1.298873E-39,0.01085616,0.00515323,2.273708E-12,0.002342356,1.409352E-20,7.43047E-30,0.01028623,0.01086441,_,_,0,_,_
t,2024-03-03-11-32:43:6974,1,-1,-1,-1,71,71,Untagged,0.1236386,0.125669,1.401298E-45,2.396001E-19,0.1401789,0.08383267,1.401298E-45,1.401298E-45,1.401298E-45,0.008447521,1.401298E-45,1.401298E-45,0.1263649,0.0025727,0.3247849,0.2147789,0,0,0.2621324,0.1680941,0,0,0.0007604311,0.0007805749,0.02137113,1.401298E-45,1.401298E-45,1.401298E-45,0.3253601,1.047314E-20,0.01090151,0.01086564,0.001908935,1.401298E-45,0,0,0,0,0,0,9.628507E-08,1.401298E-45,4.40099E-33,1.401298E-45,0.03319843,1.401298E-45,0.02490098,1.401298E-45,1.401298E-45,1.401298E-45,0.03802083,1.401298E-45,1.401298E-45,3.911383E-07,9.15422E-40,0.005114819,0.002742839,1.879968E-12,0.001912807,9.932849E-21,5.236857E-30,0.01051373,0.01086478,_,_,0,_,_
t,2024-03-03-11-32:43:7512,1,-1,-1,-1,71,71,Untagged,0.1118742,0.1180897,1.401298E-45,1.190126E-19,0.1204989,0.06670966,1.401298E-45,1.401298E-45,1.401298E-45,0.003137711,1.401298E-45,1.401298E-45,0.06628671,4.749745E-07,0.08592536,0.01981153,0,0,0.4931172,0.409346,0,0,0.006980686,0.005883534,0.02510164,1.401298E-45,1.401298E-45,1.401298E-45,0.2037612,5.202145E-21,0.01088315,0.01086564,0.0007876759,1.401298E-45,0,0,0,0,0,0,4.779882E-08,1.401298E-45,2.186031E-33,1.401298E-45,0.02994745,1.401298E-45,0.01848546,1.401298E-45,1.401298E-45,1.401298E-45,0.03802544,1.401298E-45,1.401298E-45,0.005896505,4.547031E-40,0.001345629,0.0008795407,1.285228E-12,0.001283323,4.933781E-21,2.601218E-30,0.002769825,0.007083003,_,_,0,_,_
t,2024-03-03-11-32:43:7896,1,-1,-1,-1,71,71,Untagged,0.09660664,0.1105828,1.401298E-45,8.387758E-20,0.1067074,0.06570155,1.401298E-45,1.401298E-45,1.401298E-45,0.001979521,1.401298E-45,1.401298E-45,0.05296268,2.365559E-07,0.06936822,0.01648099,0,0,0.4979646,0.4143334,0,0,0.01128141,0.01661403,0.0258842,1.401298E-45,1.401298E-45,1.401298E-45,0.1917722,3.666359E-21,0.0108779,0.01086564,0.0005174863,1.401298E-45,0,0,0,0,0,0,3.36804E-08,1.401298E-45,1.540669E-33,1.401298E-45,0.02907187,1.401298E-45,0.02301656,1.401298E-45,1.401298E-45,1.401298E-45,0.03701153,1.401298E-45,1.401298E-45,0.003797799,3.204657E-40,0.0007407365,0.0005238926,1.062662E-12,0.001053638,3.477225E-21,1.833283E-30,0.001525571,0.008397309,_,_,0,_,_
t,2024-03-03-11-32:43:8316,1,-1,-1,-1,71,71,Untagged,0.07483211,0.09939145,1.401298E-45,5.911508E-20,0.1155088,0.0653809,1.401298E-45,1.401298E-45,1.401298E-45,0.001271936,1.401298E-45,1.401298E-45,0.02011849,2.179295E-07,0.03641813,0.01630517,0,0,0.5054691,0.4218962,0,0,0.01116321,0.01500203,0.02635305,1.401298E-45,1.401298E-45,1.401298E-45,0.1837353,2.583969E-21,0.01087423,0.01086564,0.0003440176,1.401298E-45,0,0,0,0,0,0,2.373302E-08,1.401298E-45,1.08583E-33,1.401298E-45,0.02847797,1.401298E-45,0.01689692,1.401298E-45,1.401298E-45,1.401298E-45,0.0373341,1.401298E-45,1.401298E-45,0.002483106,2.258571E-40,0.0004238261,0.0003206513,8.786373E-13,0.0008661142,2.450672E-21,1.292058E-30,0.0008733011,0.009234009,_,_,0,_,_
t,2024-03-03-11-32:43:8691,1,-1,-1,-1,71,71,Untagged,0.08447131,0.1008334,1.401298E-45,4.166303E-20,0.1181314,0.06526898,1.401298E-45,1.401298E-45,1.401298E-45,0.006239353,1.401298E-45,1.401298E-45,0.03113187,2.123415E-07,0.0474105,0.01629414,0,0,0.4981584,0.4144168,0,0,0.01861621,0.02223769,0.02664101,1.401298E-45,1.401298E-45,1.401298E-45,0.197892,1.821125E-21,0.01087167,0.01086564,0.0002309678,1.401298E-45,0,0,0,0.005898172,0,0,1.672408E-08,1.401298E-45,7.652692E-34,1.401298E-45,0.02807255,1.401298E-45,0.01402094,1.401298E-45,1.401298E-45,1.401298E-45,0.03755194,1.401298E-45,1.401298E-45,0.006866223,1.591791E-40,0.0002506679,0.0002008321,7.26481E-13,0.0007126824,1.727181E-21,9.106147E-31,0.005650836,0.009775368,_,_,0,_,_
t,2024-03-03-11-32:43:9149,1,-1,-1,-1,71,71,Untagged,0.08574919,0.1047778,1.401298E-45,2.069456E-20,0.1139603,0.06520902,1.401298E-45,1.401298E-45,1.401298E-45,0.002359536,1.401298E-45,1.401298E-45,0.01840375,2.086163E-07,0.03469262,0.01629325,0,0,0.4991435,0.4153871,0,0,0.02043886,0.0194286,0.02693718,1.401298E-45,1.401298E-45,1.401298E-45,0.2214429,9.045752E-22,0.02081692,0.01086564,0.000106569,1.401298E-45,0,0,0,0.002485715,0,0,8.305229E-09,1.401298E-45,3.801189E-34,1.401298E-45,0.03115329,1.401298E-45,0.01609545,1.401298E-45,1.401298E-45,1.401298E-45,0.03780151,1.401298E-45,1.401298E-45,0.009791511,7.906686E-41,9.503049E-05,8.326384E-05,4.966537E-13,0.0004836832,8.579125E-22,4.523139E-31,0.004339049,0.01036622,_,_,0,_,_
t,2024-03-03-11-32:43:9489,1,-1,-1,-1,71,71,Untagged,0.09280678,0.1016171,1.401298E-45,1.458506E-20,0.1168521,0.06520135,1.401298E-45,1.401298E-45,1.401298E-45,0.001498982,1.401298E-45,1.401298E-45,0.0328666,0,0.03462062,0.001758784,0,0,0.5234929,0.4403117,0,0,0.02102792,0.01701828,0.02701214,1.401298E-45,1.401298E-45,1.401298E-45,0.20904,6.375241E-22,0.01700008,0.01086564,7.305344E-05,1.401298E-45,0,0,0,0.001646314,0,0,5.852855E-09,1.401298E-45,2.678992E-34,1.401298E-45,0.0297471,1.401298E-45,0.01367378,1.401298E-45,1.401298E-45,1.401298E-45,0.03787123,1.401298E-45,1.401298E-45,0.005425695,5.572403E-41,6.042959E-05,5.480228E-05,4.106463E-13,0.0003988325,6.046374E-22,3.187806E-31,0.002447013,0.01052422,_,_,0,_,_
t,2024-03-03-11-32:43:9923,1,-1,-1,-1,71,71,Untagged,0.0915857,0.09936146,1.401298E-45,1.027924E-20,0.1181654,0.06519777,1.401298E-45,1.401298E-45,1.401298E-45,0.0009688284,1.401298E-45,1.401298E-45,0.02047727,1.369044E-07,0.03461333,0.01414102,0,0,0.5306389,0.4476478,0,0,0.02147997,0.01767281,0.02706146,1.401298E-45,1.401298E-45,1.401298E-45,0.2050105,4.493133E-22,0.01473111,0.01086564,5.03168E-05,1.401298E-45,0,0,0,0.001101871,0,0,4.124686E-09,1.401298E-45,1.888097E-34,1.401298E-45,0.02886047,1.401298E-45,0.01243833,1.401298E-45,1.401298E-45,1.401298E-45,0.03555038,1.401298E-45,1.401298E-45,0.003122079,3.927279E-41,3.908864E-05,3.648744E-05,3.395335E-13,0.0003290225,4.261355E-22,2.246698E-31,0.001429464,0.01063102,_,_,0,_,_
t,2024-03-03-11-32:44:0345,1,-1,-1,-1,71,71,Untagged,0.09068869,0.09771679,1.401298E-45,7.244593E-21,0.1187977,0.06519599,1.401298E-45,1.401298E-45,1.401298E-45,0.0006353023,1.401298E-45,1.401298E-45,0.03009992,2.160668E-07,0.04600844,0.01592402,0,0,0.5306389,0.4476478,0,0,0.02520788,0.01817605,0.03312929,1.401298E-45,1.401298E-45,1.401298E-45,0.2035765,3.166666E-22,0.01334688,0.01086564,3.479346E-05,1.401298E-45,0,0,0,0.000743964,0,0,2.906829E-09,1.401298E-45,1.330691E-34,1.401298E-45,0.02829149,1.401298E-45,0.0117789,1.401298E-45,1.401298E-45,1.401298E-45,0.04105946,1.401298E-45,1.401298E-45,0.006840148,2.767845E-41,2.564946E-05,2.452831E-05,2.807357E-13,0.0002715377,3.003314E-22,1.583426E-31,0.0008605489,0.01070371,_,_,0,_,_
t,2024-03-03-11-32:44:0706,1,-1,-1,-1,71,71,Untagged,0.09619402,0.09179978,1.401298E-45,3.598484E-21,0.1051938,0.05616639,1.401298E-45,1.401298E-45,1.401298E-45,0.0002827338,1.401298E-45,1.401298E-45,0.02293534,0,0.02340953,0.000475419,0,0,0.434087,0.3499011,0,0,0.01938819,0.01430772,0.02980822,1.401298E-45,1.401298E-45,1.401298E-45,0.1775476,1.572924E-22,0.0119342,0.01086564,1.679135E-05,1.401298E-45,0,0,0,0.0003462358,0,0,0.005898037,1.401298E-45,6.609717E-35,1.401298E-45,0.02767625,1.401298E-45,0.01120202,1.401298E-45,1.401298E-45,1.401298E-45,0.03749112,1.401298E-45,1.401298E-45,0.002260953,1.374814E-41,1.142687E-05,1.133946E-05,1.919231E-13,0.0001851124,1.491786E-22,7.865083E-32,0.0003354276,0.01078772,_,_,0,_,_
t,2024-03-03-11-32:44:1118,1,-1,-1,-1,71,71,Untagged,0.06634631,0.05665785,1.401298E-45,2.536121E-21,0.09632933,0.04347463,1.401298E-45,1.401298E-45,1.401298E-45,0.0001911824,1.401298E-45,1.401298E-45,0.02135856,7.275958E-12,0.02145853,0.0001011577,0,0,0.3241533,0.2389926,0,0,0.01428499,0.01086408,0.03416106,1.401298E-45,1.401298E-45,1.401298E-45,0.1470636,1.108557E-22,0.01157923,0.01086564,1.170693E-05,1.401298E-45,0,0,0,0.0002381182,0,0,0.003800237,1.401298E-45,4.658363E-35,1.401298E-45,0.02751312,1.401298E-45,0.01107716,1.401298E-45,1.401298E-45,1.401298E-45,0.0376601,1.401298E-45,1.401298E-45,0.001362884,9.689979E-42,7.729807E-06,7.778925E-06,1.586867E-13,0.0001528941,1.051373E-22,5.543113E-32,0.0002155964,0.01081137,_,_,0,_,_
t,2024-03-03-11-32:44:1496,1,-1,-1,-1,71,71,Untagged,0.05081302,0.05021256,1.401298E-45,1.787414E-21,0.09371895,0.03984485,1.401298E-45,1.401298E-45,1.401298E-45,0.0001301919,1.401298E-45,1.401298E-45,0.02109789,0,0.02112119,2.448443E-05,0,0,0.2935305,0.2081254,0,0,0.0107274,0.008367652,0.03609812,1.401298E-45,1.401298E-45,1.401298E-45,0.1257642,7.812917E-23,0.01134655,0.01086564,8.177381E-06,1.401298E-45,0,0,0,0.0001644524,0,0,0.00746435,1.401298E-45,3.283133E-35,1.401298E-45,0.02740333,1.401298E-45,0.02054362,1.401298E-45,1.401298E-45,1.401298E-45,0.03777491,1.401298E-45,1.401298E-45,0.0008426629,6.829929E-42,5.265595E-06,5.361168E-06,1.312069E-13,0.0001263071,7.409893E-23,3.906689E-32,0.0001407211,0.01082777,_,_,0,_,_
t,2024-03-03-11-32:44:1910,1,-1,-1,-1,71,71,Untagged,0.05474987,0.05124616,1.401298E-45,1.259734E-21,0.09286992,0.04512262,1.401298E-45,1.401298E-45,1.401298E-45,8.917962E-05,1.401298E-45,1.401298E-45,0.004235062,0,0.004241747,6.686464E-06,0,0,0.2935277,0.2080881,0,0,0.01071338,0.008286017,0.03240543,1.401298E-45,1.401298E-45,1.401298E-45,0.1220573,5.506389E-23,0.01119221,0.01086564,5.720764E-06,1.401298E-45,0,0,0,0.0001139722,0,0,0.004543216,1.401298E-45,2.313887E-35,1.401298E-45,0.02732885,1.401298E-45,0.01644162,1.401298E-45,1.401298E-45,1.401298E-45,0.03551087,1.401298E-45,1.401298E-45,0.0005323236,4.81346E-42,3.607845E-06,3.709067E-06,1.084856E-13,0.000104359,5.222346E-23,2.753357E-32,9.30397E-05,0.01083917,_,_,0,_,_
t,2024-03-03-11-32:44:2352,1,-1,-1,-1,71,71,Untagged,0.05170662,0.05195427,1.401298E-45,8.878401E-22,0.09256746,0.04837594,1.401298E-45,1.401298E-45,1.401298E-45,6.138568E-05,1.401298E-45,1.401298E-45,0.001380138,0,0.001382181,2.042698E-06,0,0,0.2949717,0.2095585,0,0,0.008190485,0.006466392,0.03033096,1.401298E-45,1.401298E-45,1.401298E-45,0.1213195,3.880814E-23,0.01108882,0.01086564,4.007292E-06,1.401298E-45,0,0,0,7.921631E-05,0,0,0.002832161,1.401298E-45,1.63079E-35,1.401298E-45,0.02727802,1.401298E-45,0.02252163,1.401298E-45,1.401298E-45,1.401298E-45,0.03544305,1.401298E-45,1.401298E-45,0.0003424267,3.392544E-42,2.483979E-06,2.574278E-06,8.96992E-14,8.623577E-05,3.680625E-23,1.940522E-32,6.218122E-05,0.01084711,_,_,0,_,_
t,2024-03-03-11-32:44:2712,1,-1,-1,-1,71,71,Untagged,0.0550776,0.0574338,1.401298E-45,6.257276E-22,0.0924504,0.05042375,1.401298E-45,1.401298E-45,1.401298E-45,4.242496E-05,1.401298E-45,1.401298E-45,0.0008267635,0,0.0008274554,6.919053E-07,0,0,0.2949699,0.2095366,0,0,0.008625562,0.006721759,0.02912601,1.401298E-45,1.401298E-45,1.401298E-45,0.1211529,2.735101E-23,0.01101897,0.01086564,2.809971E-06,1.401298E-45,0,0,0,5.519055E-05,0,0,0.001801527,1.401298E-45,1.14934E-35,1.401298E-45,0.02724313,1.401298E-45,0.01721742,1.401298E-45,1.401298E-45,1.401298E-45,0.03427411,1.401298E-45,1.401298E-45,0.0002236495,2.390615E-42,1.717055E-06,1.79138E-06,7.416552E-14,7.126671E-05,2.594013E-23,1.367631E-32,4.193261E-05,0.004976998,_,_,0,_,_
t,2024-03-03-11-32:44:3093,1,-1,-1,-1,71,71,Untagged,0.03387569,0.04090846,1.401298E-45,3.108071E-22,0.09405607,0.05258967,1.401298E-45,1.401298E-45,1.401298E-45,0.003732694,1.401298E-45,1.401298E-45,0.0006746172,0,0.0006747216,1.043828E-07,0,0,0.3000008,0.214611,0,0,0.006948715,0.00420329,0.0279638,1.401298E-45,1.401298E-45,1.401298E-45,0.1595404,1.35856E-23,0.01093891,0.01086564,1.385105E-06,1.401298E-45,0,0,0,2.694058E-05,0,0,0.0007650362,1.401298E-45,5.708923E-36,1.401298E-45,0.02720243,1.401298E-45,0.01298073,1.401298E-45,1.401298E-45,1.401298E-45,0.03441459,1.401298E-45,1.401298E-45,0.003551937,1.1869E-42,8.282302E-07,8.728614E-07,5.070276E-14,4.868472E-05,1.28848E-23,6.793203E-33,0.003631384,0.005806861,_,_,0,_,_
t,2024-03-03-11-32:44:3521,1,-1,-1,-1,71,71,Untagged,0.03654283,0.04032723,1.401298E-45,2.19049E-22,0.09320366,0.05315239,1.401298E-45,1.401298E-45,1.401298E-45,0.007405565,1.401298E-45,1.401298E-45,0.000666213,0,0.0006662587,4.56688E-08,0,0,0.3006072,0.2152076,0,0,0.005436068,0.003360686,0.02768703,1.401298E-45,1.401298E-45,1.401298E-45,0.1313321,9.574787E-24,0.01091653,0.01086564,9.73393E-07,1.401298E-45,0,0,0,1.886356E-05,0,0,0.0005081646,1.401298E-45,4.023504E-36,1.401298E-45,0.02719087,1.401298E-45,0.02109342,1.401298E-45,1.401298E-45,1.401298E-45,0.03468877,1.401298E-45,1.401298E-45,0.002230633,8.365752E-43,5.773313E-07,6.107559E-07,4.192228E-14,4.024249E-05,9.080882E-24,4.787678E-33,0.007321475,0.007751375,_,_,0,_,_
t,2024-03-03-11-32:44:3954,1,-1,-1,-1,71,71,Untagged,0.03847667,0.04274493,1.401298E-45,1.543821E-22,0.0928017,0.05352736,1.401298E-45,1.401298E-45,1.401298E-45,0.004471881,1.401298E-45,1.401298E-45,0.0006636254,1.776357E-15,0.0006636467,2.138549E-08,0,0,0.3060493,0.2207318,0,0,0.006443497,0.00270246,0.0330954,1.401298E-45,1.401298E-45,1.401298E-45,0.135399,6.748153E-24,0.01090108,0.01086564,6.844071E-07,1.401298E-45,0,0,0,0.005889266,0,0,0.0003409421,1.401298E-45,2.8357E-36,1.401298E-45,0.02718283,1.401298E-45,0.02437612,1.401298E-45,1.401298E-45,1.401298E-45,0.03593428,1.401298E-45,1.401298E-45,0.001427802,5.899467E-43,4.032071E-07,4.278935E-07,3.466262E-14,3.326605E-05,6.400056E-24,3.374276E-33,0.00903249,0.003842202,_,_,0,_,_
t,2024-03-03-11-32:44:4362,1,-1,-1,-1,71,71,Untagged,0.03990648,0.0417327,1.401298E-45,1.088054E-22,0.09260157,0.05377957,1.401298E-45,1.401298E-45,1.401298E-45,0.002769016,1.401298E-45,1.401298E-45,0.0006627491,0,0.0006627596,1.063203E-08,0,0,0.3003338,0.2149315,0,0,0.007242012,0.002183524,0.0308087,1.401298E-45,1.401298E-45,1.401298E-45,0.1372585,4.755964E-24,0.01089037,0.01086564,4.814118E-07,1.401298E-45,0,0,0,0.003779272,0,0,0.0002306652,1.401298E-45,1.998545E-36,1.401298E-45,0.02717722,1.401298E-45,0.01781415,1.401298E-45,1.401298E-45,1.401298E-45,0.03573694,1.401298E-45,1.401298E-45,0.0009286762,4.161856E-43,2.820401E-07,3.000879E-07,2.866003E-14,2.750006E-05,4.510632E-24,2.378123E-33,0.005126438,0.006715754,_,_,0,_,_
t,2024-03-03-11-32:44:4724,1,-1,-1,-1,71,71,Untagged,0.03725774,0.03280905,1.401298E-45,5.404484E-23,0.09516965,0.05406716,1.401298E-45,1.401298E-45,1.401298E-45,0.001127799,1.401298E-45,1.401298E-45,0.01125804,0,0.01125796,3.053737E-09,0,0,0.3481129,0.2631494,0,0,0.004489519,0.001441502,0.02863088,1.401298E-45,1.401298E-45,1.401298E-45,0.1266563,2.362339E-24,0.01087774,0.01086564,2.384153E-07,1.401298E-45,0,0,0,0.001626858,0,0,0.0001076818,1.401298E-45,9.926988E-37,1.401298E-45,0.02717056,1.401298E-45,0.01297409,1.401298E-45,1.401298E-45,1.401298E-45,0.03442697,1.401298E-45,1.401298E-45,0.0004081506,2.059909E-43,1.385063E-07,1.479506E-07,1.959318E-14,1.879477E-05,2.24048E-24,1.181239E-33,0.001821101,0.009294809,_,_,0,_,_
t,2024-03-03-11-32:44:5133,1,-1,-1,-1,71,71,Untagged,0.03475554,0.03399581,1.401298E-45,3.808954E-23,0.09395865,0.04421066,1.401298E-45,1.401298E-45,1.401298E-45,0.0007372532,1.401298E-45,1.401298E-45,0.005248962,0,0.00524896,1.741184E-09,0,0,0.3494217,0.2644308,0,0,0.005725574,0.002768816,0.02811856,1.401298E-45,1.401298E-45,1.401298E-45,0.1230925,1.664921E-24,0.01087412,0.01086564,1.678434E-07,1.401298E-45,0,0,0,0.001086237,0,0,7.414301E-05,1.401298E-45,6.99631E-37,1.401298E-45,0.02716864,1.401298E-45,0.01209439,1.401298E-45,1.401298E-45,1.401298E-45,0.03373764,1.401298E-45,1.401298E-45,0.0002746794,1.45735E-43,9.720065E-08,1.039817E-07,1.620015E-14,1.553833E-05,1.579038E-24,8.3251E-34,0.001129149,0.009867351,_,_,0,_,_
t,2024-03-03-11-32:44:5480,1,-1,-1,-1,71,71,Untagged,0.04547327,0.03861405,1.401298E-45,2.684486E-23,0.09330063,0.04800247,1.401298E-45,1.401298E-45,1.401298E-45,0.0004880788,1.401298E-45,1.401298E-45,0.002789907,0,0.002789908,1.026759E-09,0,0,0.3494217,0.2644308,0,0,0.01023555,0.003796293,0.02779355,1.401298E-45,1.401298E-45,1.401298E-45,0.1218781,1.173408E-24,0.01087159,0.01086564,1.181848E-07,1.401298E-45,0,0,0,0.000731947,0,0,5.125528E-05,1.401298E-45,4.93088E-37,1.401298E-45,0.0271673,1.401298E-45,0.02068522,1.401298E-45,1.401298E-45,1.401298E-45,0.03423238,1.401298E-45,1.401298E-45,0.0001863124,1.022948E-43,6.826417E-08,7.311564E-08,1.339477E-14,1.284641E-05,1.112879E-24,5.867388E-34,0.006062249,0.01022022,_,_,0,_,_
t,2024-03-03-11-32:44:5913,1,-1,-1,-1,71,71,Untagged,0.0453751,0.05086692,1.401298E-45,1.891963E-23,0.09292937,0.05029439,1.401298E-45,1.401298E-45,1.401298E-45,0.0003265473,1.401298E-45,1.401298E-45,0.001711281,0,0.001711282,6.230831E-10,0,0,0.3494209,0.2644264,0,0,0.01031042,0.003059613,0.02758388,1.401298E-45,1.401298E-45,1.401298E-45,0.100471,8.269908E-25,0.01086982,0.01086564,8.323078E-08,1.401298E-45,0,0,0,0.0004969874,0,0,3.555035E-05,1.401298E-45,3.47517E-37,1.401298E-45,0.02716635,1.401298E-45,0.01625636,1.401298E-45,1.401298E-45,1.401298E-45,0.03571865,1.401298E-45,1.401298E-45,0.0001272008,7.146622E-44,4.797086E-08,5.1432E-08,1.107514E-14,1.062096E-05,7.843313E-25,4.135199E-34,0.003598762,0.01044231,_,_,0,_,_
t,2024-03-03-11-32:44:6370,1,-1,-1,-1,71,71,Untagged,0.05249523,0.06551049,1.401298E-45,1.33341E-23,0.09271293,0.0517128,1.401298E-45,1.401298E-45,1.401298E-45,0.00022041,1.401298E-45,1.401298E-45,0.001207839,0,0.001207839,3.874371E-10,0,0,0.3470898,0.2620795,0,0,0.01037136,0.004024247,0.02744669,1.401298E-45,1.401298E-45,1.401298E-45,0.1220788,5.828431E-25,0.01086858,0.01086564,5.862229E-08,1.401298E-45,0,0,0,0.0003396022,0,0,2.472541E-05,1.401298E-45,2.449215E-37,1.401298E-45,0.02716568,1.401298E-45,0.02229167,1.401298E-45,1.401298E-45,1.401298E-45,0.03658916,1.401298E-45,1.401298E-45,8.73165E-05,5.044674E-44,3.372724E-08,3.619089E-08,9.157209E-15,8.781146E-06,5.527778E-25,2.914388E-34,0.002196326,0.0105846,_,_,0,_,_
t,2024-03-03-11-32:44:6797,1,-1,-1,-1,71,71,Untagged,0.04970707,0.06153,1.401298E-45,6.62321E-24,0.1005316,0.05318431,1.401298E-45,1.401298E-45,1.401298E-45,0.003687496,1.401298E-45,1.401298E-45,0.01305417,0,0.01305404,1.58834E-10,0,0,0.3799717,0.2951945,0,0,0.01351779,0.005378057,0.02729502,1.401298E-45,1.401298E-45,1.401298E-45,0.1819482,2.895053E-25,0.01086709,0.01086564,2.909085E-08,1.401298E-45,0,0,0,0.003773292,0,0,1.203781E-05,1.401298E-45,1.216555E-37,1.401298E-45,0.03095691,1.401298E-45,0.01781406,1.401298E-45,1.401298E-45,1.401298E-45,0.03743691,1.401298E-45,1.401298E-45,4.167357E-05,2.522337E-44,1.669177E-08,1.793366E-08,6.260257E-15,6.002613E-06,2.745714E-25,1.447612E-34,0.008595716,0.01073818,_,_,0,_,_
t,2024-03-03-11-32:44:7338,1,-1,-1,-1,71,71,Untagged,0.05544307,0.07173362,1.401298E-45,4.667878E-24,0.1017577,0.0535598,1.401298E-45,1.401298E-45,1.401298E-45,0.002357223,1.401298E-45,1.401298E-45,0.007006735,0,0.007006724,1.040915E-10,0,0,0.3800207,0.2952228,0,0,0.01299634,0.005854096,0.02725399,1.401298E-45,1.401298E-45,1.401298E-45,0.1610631,2.040363E-25,0.01086666,0.01086564,2.049526E-08,1.401298E-45,0,0,0,0.002427952,0,0,8.420506E-06,1.401298E-45,8.573986E-38,1.401298E-45,0.02964225,1.401298E-45,0.02267298,1.401298E-45,1.401298E-45,1.401298E-45,0.03764067,1.401298E-45,1.401298E-45,0.005868327,1.821688E-44,1.174792E-08,1.262794E-08,5.176138E-15,4.962941E-06,1.935113E-25,1.020242E-34,0.0096185,0.005022616,_,_,0,_,_
t,2024-03-03-11-32:44:7740,1,-1,-1,-1,71,71,Untagged,0.06210664,0.06860986,1.401298E-45,2.318586E-24,0.102736,0.04428129,1.401298E-45,1.401298E-45,1.401298E-45,0.001008688,1.401298E-45,1.401298E-45,0.002573402,0,0.002573401,4.628194E-11,0,0,0.3880516,0.3032896,0,0,0.01222882,0.006542822,0.02720702,1.401298E-45,1.401298E-45,1.401298E-45,0.1611777,1.013471E-25,0.01086615,0.01086564,1.017477E-08,1.401298E-45,0,0,0,0.001049533,0,0,4.135357E-06,1.401298E-45,4.258793E-38,1.401298E-45,0.02826088,1.401298E-45,0.01748187,1.401298E-45,1.401298E-45,1.401298E-45,0.0369101,1.401298E-45,1.401298E-45,0.002422032,8.407791E-45,5.823304E-09,6.26399E-09,3.538623E-15,3.392696E-06,9.61192E-26,5.067654E-35,0.00291202,0.003522004,_,_,0,_,_
t,2024-03-03-11-32:44:8095,1,-1,-1,-1,71,71,Untagged,0.06407973,0.07061754,1.401298E-45,1.634093E-24,0.102929,0.04826831,1.401298E-45,1.401298E-45,1.401298E-45,0.0006719676,1.401298E-45,1.401298E-45,0.00177279,0,0.00177279,3.128482E-11,0,0,0.3880469,0.3032684,0,0,0.01480417,0.006791407,0.0271939,1.401298E-45,1.401298E-45,1.401298E-45,0.178629,7.142737E-26,0.010866,0.01086564,7.169539E-09,1.401298E-45,0,0,0,0.0007018828,0,0,2.902154E-06,1.401298E-45,3.001511E-38,1.401298E-45,0.02790418,1.401298E-45,0.01417837,1.401298E-45,1.401298E-45,1.401298E-45,0.03728894,1.401298E-45,1.401298E-45,0.001591382,5.605194E-45,4.100981E-09,4.412507E-09,2.925833E-15,2.805121E-06,6.774286E-26,3.57158E-35,0.00169554,0.00647053,_,_,0,_,_
t,2024-03-03-11-32:44:8515,1,-1,-1,-1,71,71,Untagged,0.06552652,0.06674492,1.401298E-45,1.151674E-24,0.1030411,0.05057953,1.401298E-45,1.401298E-45,1.401298E-45,0.0004519369,1.401298E-45,1.401298E-45,0.01365521,0,0.01365507,2.129811E-11,0,0,0.3774753,0.2925735,0,0,0.01401859,0.006993258,0.02718485,1.401298E-45,1.401298E-45,1.401298E-45,0.1828241,5.034049E-26,0.01086589,0.01086564,5.052102E-09,1.401298E-45,0,0,0,0.00047358,0,0,2.038199E-06,1.401298E-45,2.115401E-38,1.401298E-45,0.0276672,1.401298E-45,0.02096095,1.401298E-45,1.401298E-45,1.401298E-45,0.03753434,1.401298E-45,1.401298E-45,0.001058017,4.203895E-45,2.888441E-09,3.108545E-09,2.419158E-15,2.319313E-06,4.774373E-26,2.517174E-35,0.00101788,0.008164667,_,_,0,_,_
t,2024-03-03-11-32:44:8870,1,-1,-1,-1,71,71,Untagged,0.06660663,0.0745299,1.401298E-45,8.11679E-25,0.09763093,0.05195908,1.401298E-45,1.401298E-45,1.401298E-45,0.0003063808,1.401298E-45,1.401298E-45,0.007592338,0,0.007592323,1.458543E-11,0,0,0.3774977,0.292679,0,0,0.01610767,0.00715766,0.03303851,1.401298E-45,1.401298E-45,1.401298E-45,0.1544195,3.547908E-26,0.01086582,0.01086564,3.560144E-09,1.401298E-45,0,0,0,0.005998374,0,0,1.432315E-06,1.401298E-45,1.490897E-38,1.401298E-45,0.02750822,1.401298E-45,0.01587855,1.401298E-45,1.401298E-45,1.401298E-45,0.03769549,1.401298E-45,1.401298E-45,0.0007103884,2.802597E-45,2.034648E-09,2.190091E-09,2.000231E-15,1.917651E-06,3.364893E-26,1.774059E-35,0.0006271609,0.009168136,_,_,0,_,_
t,2024-03-03-11-32:44:9330,1,-1,-1,-1,71,71,Untagged,0.07262993,0.07957517,1.401298E-45,5.720537E-25,0.09990521,0.05949533,1.401298E-45,1.401298E-45,1.401298E-45,0.0002090825,1.401298E-45,1.401298E-45,0.01562075,0,0.01562049,1.00376E-11,0,0,0.4351353,0.351033,0,0,0.02155304,0.01028116,0.03092013,1.401298E-45,1.401298E-45,1.401298E-45,0.175697,2.500488E-26,0.01086577,0.01086564,2.508828E-09,1.401298E-45,0,0,0,0.003760346,0,0,1.00704E-06,1.401298E-45,1.050752E-38,1.401298E-45,0.02740069,1.401298E-45,0.01348904,1.401298E-45,1.401298E-45,1.401298E-45,0.03550901,1.401298E-45,1.401298E-45,0.0004809165,1.401298E-45,1.433351E-09,1.543089E-09,1.653845E-15,1.585548E-06,2.371503E-26,1.250318E-35,0.0003950224,0.009778419,_,_,0,_,_
t,2024-03-03-11-32:44:9722,1,-1,-1,-1,71,71,Untagged,0.076662,0.07904325,1.401298E-45,4.031706E-25,0.1011992,0.06256297,1.401298E-45,1.401298E-45,1.401298E-45,0.0001434714,1.401298E-45,1.401298E-45,0.01867962,0,0.01867923,6.936074E-12,0,0,0.4676297,0.3835378,0,0,0.02189046,0.01254706,0.02960487,1.401298E-45,1.401298E-45,1.401298E-45,0.1964143,1.762288E-26,0.01086573,0.01086564,1.768E-09,1.401298E-45,0,0,0,0.00240333,0,0,0.00589222,1.401298E-45,7.405462E-39,1.401298E-45,0.03310405,1.401298E-45,0.0208472,1.401298E-45,1.401298E-45,1.401298E-45,0.03638076,1.401298E-45,1.401298E-45,0.0003278083,1.401298E-45,1.009829E-09,1.087278E-09,1.367443E-15,1.310961E-06,1.671382E-26,8.811963E-36,0.005752577,0.01015812,_,_,0,_,_
t,2024-03-03-11-32:45:0093,1,-1,-1,-1,71,71,Untagged,0.06877843,0.09493989,1.401298E-45,2.002596E-25,0.102418,0.06003846,1.401298E-45,1.401298E-45,1.401298E-45,0.005883619,1.401298E-45,1.401298E-45,0.009197032,0,0.009197011,3.343841E-12,0,0,0.48004,0.3960607,0,0,0.01959926,0.01296512,0.02823532,1.401298E-45,1.401298E-45,1.401298E-45,0.1864382,8.753493E-27,0.01086569,0.01086564,8.780623E-10,1.401298E-45,0,0,0,0.001028109,0,0,0.002476341,1.401298E-45,3.67838E-39,1.401298E-45,0.02959663,1.401298E-45,0.01360788,1.401298E-45,1.401298E-45,1.401298E-45,0.03496853,1.401298E-45,1.401298E-45,0.0001547866,1.401298E-45,5.013209E-10,5.398715E-10,9.348417E-16,8.962161E-07,8.301953E-27,4.377006E-36,0.004682175,0.004935758,_,_,0,_,_
t,2024-03-03-11-32:45:0506,1,-1,-1,-1,71,71,Untagged,0.07375496,0.0943031,1.401298E-45,1.411391E-25,0.1131781,0.06258257,1.401298E-45,1.401298E-45,1.401298E-45,0.008414522,1.401298E-45,1.401298E-45,0.01556883,0,0.01556863,2.330427E-12,0,0,0.4824676,0.3986774,0,0,0.02032747,0.01198028,0.02788464,1.401298E-45,1.401298E-45,1.401298E-45,0.1979517,6.169291E-27,0.01086567,0.01086564,6.188083E-10,1.401298E-45,0,0,0,0.000684827,0,0,0.001638381,1.401298E-45,2.59245E-39,1.401298E-45,0.02875761,1.401298E-45,0.01240168,1.401298E-45,1.401298E-45,1.401298E-45,0.03607895,1.401298E-45,1.401298E-45,0.00590718,1.401298E-45,3.532491E-10,3.804402E-10,7.729536E-16,7.410131E-07,5.851054E-27,3.084828E-36,0.007623919,0.007201898,_,_,0,_,_
t,2024-03-03-11-32:45:0913,1,-1,-1,-1,71,71,Untagged,0.0876096,0.1076141,1.401298E-45,9.947171E-26,0.1250817,0.07096729,1.401298E-45,1.401298E-45,1.401298E-45,0.005008767,1.401298E-45,1.401298E-45,0.008426905,3.166497E-08,0.01835041,0.009923892,0,0,0.4919113,0.408267,0,0,0.02089738,0.01378028,0.02765261,1.401298E-45,1.401298E-45,1.401298E-45,0.2234505,0.009507426,0.01086566,0.01086564,4.361034E-10,1.401298E-45,0,0,0,0.0004605408,0,0,0.001095592,1.401298E-45,1.827101E-39,1.401298E-45,0.02822088,1.401298E-45,0.02065697,1.401298E-45,1.401298E-45,1.401298E-45,0.03467102,1.401298E-45,1.401298E-45,0.003751825,1.401298E-45,2.489202E-10,2.680964E-10,6.390987E-16,6.126868E-07,4.123694E-27,2.174119E-36,0.004274972,0.00855262,_,_,0,_,_
t,2024-03-03-11-32:45:1299,1,-1,-1,-1,71,71,Untagged,0.0876015,0.107552,1.401298E-45,7.010524E-26,0.1220972,0.06866033,1.401298E-45,1.401298E-45,1.401298E-45,0.007894887,1.401298E-45,1.401298E-45,0.01539349,9.685755E-08,0.02898673,0.01359529,0,0,0.5118891,0.4282449,0,0,0.02468626,0.02109265,0.0274975,1.401298E-45,1.401298E-45,1.401298E-45,0.2085367,0.00768789,0.01086566,0.01086564,3.07344E-10,1.401298E-45,0,0,0,0.0003121855,0,0,0.0007391756,1.401298E-45,1.287697E-39,1.401298E-45,0.02787217,1.401298E-45,0.02409689,1.401298E-45,1.401298E-45,1.401298E-45,0.03486781,1.401298E-45,1.401298E-45,0.002424376,1.401298E-45,1.754085E-10,1.889306E-10,5.284228E-16,5.065831E-07,2.906279E-27,1.532266E-36,0.002485058,0.009378535,_,_,0,_,_
t,2024-03-03-11-32:45:1700,1,-1,-1,-1,71,71,Untagged,0.1170835,0.1149082,1.401298E-45,3.482249E-26,0.1201808,0.06653948,1.401298E-45,1.401298E-45,1.401298E-45,0.002721397,1.401298E-45,1.401298E-45,0.01551014,1.545995E-07,0.03120583,0.01569812,0,0,0.5131249,0.4291562,0,0,0.02500558,0.01855916,0.02732183,1.401298E-45,1.401298E-45,1.401298E-45,0.2194057,0.003479796,0.02082575,0.01086564,1.526547E-10,1.401298E-45,0,0,0,0.0001461735,0,0,0.000343624,1.401298E-45,6.396213E-40,1.401298E-45,0.02748981,1.401298E-45,0.01437938,1.401298E-45,1.401298E-45,1.401298E-45,0.03613287,1.401298E-45,1.401298E-45,0.008802698,1.401298E-45,8.71101E-11,9.383219E-11,3.612545E-16,0.003690027,1.443599E-27,7.611033E-37,0.0009168437,0.007009279,_,_,0,_,_
t,2024-03-03-11-32:45:2133,1,-1,-1,-1,71,71,Untagged,0.110524,0.1097205,1.401298E-45,2.454208E-26,0.139634,0.07196798,1.401298E-45,1.401298E-45,1.401298E-45,0.001667637,1.401298E-45,1.401298E-45,0.0160729,0.0009429604,0.1523838,0.1377663,0,0,0.5049392,0.420835,0,0,0.02159105,0.0162385,0.03307504,1.401298E-45,1.401298E-45,1.401298E-45,0.1549109,0.002206778,0.01701897,0.01086564,1.075853E-10,1.401298E-45,0,0,0,0.0001007588,0,0,0.0002362223,1.401298E-45,4.507907E-40,1.401298E-45,0.02738711,1.401298E-45,0.02130147,1.401298E-45,1.401298E-45,1.401298E-45,0.03681757,1.401298E-45,1.401298E-45,0.005074417,1.401298E-45,6.138832E-11,6.612733E-11,2.986946E-16,0.006328532,1.017415E-27,5.364078E-37,0.0059332,0.008464531,_,_,0,_,_
t,2024-03-03-11-32:45:2643,1,-1,-1,-1,71,71,Untagged,0.1247527,0.1350677,1.401298E-45,1.729683E-26,0.2028085,0.1104527,1.401298E-45,1.401298E-45,1.401298E-45,0.001045551,1.401298E-45,1.401298E-45,0.07378465,0.1386684,0.4021695,0.4186921,0,0,0.2660274,0.1745584,0,0,0.01563175,0.01219768,0.03092037,1.401298E-45,1.401298E-45,1.401298E-45,0.1018802,0.001424192,0.01475021,0.01086564,0.005898068,0.005898122,0,0,0,6.971961E-05,0,0,0.0001630856,1.401298E-45,3.177094E-40,1.401298E-45,0.02731756,1.401298E-45,0.02430255,1.401298E-45,1.401298E-45,1.401298E-45,0.0372424,1.401298E-45,1.401298E-45,0.003020472,1.401298E-45,0.005897913,0.005897985,2.469696E-16,0.005071847,7.170566E-28,3.78051E-37,0.008287812,0.009339812,_,_,0,_,_
t,2024-03-03-11-32:45:3092,1,-1,-1,-1,71,71,Untagged,0.1741583,0.1639664,1.401298E-45,8.591576E-27,0.1939381,0.1117534,1.401298E-45,1.401298E-45,1.401298E-45,0.0004341624,1.401298E-45,1.401298E-45,0.06523961,0.07077289,0.4215327,0.4243138,0,0,0.205715,0.1094072,0,0,0.008716888,0.007201685,0.02875681,1.401298E-45,1.401298E-45,1.401298E-45,0.09414048,0.0006184565,0.01733455,0.01086564,0.005082674,0.002485707,0,0,0,3.368032E-05,0,0,0.003763802,1.401298E-45,1.5781E-40,1.401298E-45,0.01350711,1.401298E-45,0.01424066,1.401298E-45,1.401298E-45,1.401298E-45,0.03768444,1.401298E-45,1.401298E-45,0.001156631,1.401298E-45,0.009621766,0.005082552,1.688393E-16,0.00330711,3.56172E-28,1.877831E-37,0.002715389,0.01021868,_,_,0,_,_
t,2024-03-03-11-32:45:3482,1,-1,-1,-1,71,71,Untagged,0.1592392,0.1475777,1.401298E-45,6.055177E-27,0.1874124,0.1066117,1.401298E-45,1.401298E-45,1.401298E-45,0.0002859288,1.401298E-45,1.401298E-45,0.07202333,0.05818617,0.4219016,0.4157788,0,0,0.204323,0.1080446,0,0,0.006671694,0.005633747,0.02822143,1.401298E-45,1.401298E-45,1.401298E-45,0.09397121,0.0004143168,0.0147224,0.01086564,0.003137643,0.001646319,0,0,0,2.34909E-05,0,0,0.002435121,1.401298E-45,1.112211E-40,1.401298E-45,0.01205209,1.401298E-45,0.01268912,1.401298E-45,1.401298E-45,1.401298E-45,0.03779754,1.401298E-45,1.401298E-45,0.0007383591,1.401298E-45,0.01019444,0.007954162,1.396011E-16,0.00268628,2.510231E-28,1.323459E-37,0.00163116,0.01043616,_,_,0,_,_
t,2024-03-03-11-32:45:3917,1,-1,-1,-1,71,71,Untagged,0.1484961,0.1366484,1.401298E-45,4.267588E-27,0.1855933,0.1015017,1.401298E-45,1.401298E-45,1.401298E-45,0.000190469,1.401298E-45,1.401298E-45,0.06294596,0.05559543,0.4130909,0.409749,0,0,0.1891816,0.09359559,0,0,0.005172946,0.004448695,0.02787315,1.401298E-45,1.401298E-45,1.401298E-45,0.09393824,0.0002799586,0.01322808,0.01086564,0.00197948,0.001101883,0,0,0,1.641368E-05,0,0,0.001598188,1.401298E-45,7.838723E-41,1.401298E-45,0.01143427,1.401298E-45,0.01189234,1.401298E-45,1.401298E-45,1.401298E-45,0.03787235,1.401298E-45,1.401298E-45,0.0004791676,1.401298E-45,0.01048814,0.009323572,1.154265E-16,0.002188672,1.76917E-28,9.327523E-38,0.001005571,0.004934353,_,_,0,_,_
t,2024-03-03-11-32:45:4291,1,-1,-1,-1,71,71,Untagged,0.1212674,0.1291392,1.401298E-45,3.0077E-27,0.178927,0.09831619,1.401298E-45,1.401298E-45,1.401298E-45,0.0001280943,1.401298E-45,1.401298E-45,0.07502457,0.06411457,0.4211383,0.4167358,0,0,0.1719155,0.07642146,0,0,0.004054567,0.003540466,0.02764362,1.401298E-45,1.401298E-45,1.401298E-45,0.09393095,0.0001905304,0.01234628,0.01086564,0.0012719,0.0007439706,0,0,0,1.148564E-05,0,0,0.001061537,1.401298E-45,5.524619E-41,1.401298E-45,0.01115415,1.401298E-45,0.01146458,1.401298E-45,1.401298E-45,1.401298E-45,0.03792235,1.401298E-45,1.401298E-45,0.0003152832,1.401298E-45,0.01064563,0.01001217,9.543765E-17,0.001787752,1.246871E-28,6.573828E-38,0.0006336533,0.007185664,_,_,0,_,_
t,2024-03-03-11-32:45:4789,1,-1,-1,-1,71,71,Untagged,0.1202541,0.1492463,1.401298E-45,1.49396E-27,0.1780646,0.1022161,1.401298E-45,1.401298E-45,1.401298E-45,5.925589E-05,1.401298E-45,1.401298E-45,0.06335345,0.03927436,0.3959901,0.382306,0,0,0.2300809,0.1360722,0,0,0.002555629,0.00228414,0.02738782,1.401298E-45,1.401298E-45,1.401298E-45,0.260622,8.975178E-05,0.02089994,0.01086564,0.0005485991,0.0003462383,0,0,0,5.643775E-06,0,0,0.006094542,1.401298E-45,2.744163E-41,1.401298E-45,0.006869325,1.401298E-45,0.006731269,1.401298E-45,1.401298E-45,1.401298E-45,0.03643822,1.401298E-45,1.401298E-45,0.0001410493,1.401298E-45,0.01078414,0.002998075,6.524521E-17,0.001199879,6.193355E-29,3.265298E-38,0.0002651962,0.009362173,_,_,0,_,_
t,2024-03-03-11-32:45:5171,1,-1,-1,-1,71,71,Untagged,0.1152525,0.1752795,1.401298E-45,1.052906E-27,0.1667476,0.1027223,1.401298E-45,1.401298E-45,1.401298E-45,4.065969E-05,1.401298E-45,1.401298E-45,0.1359968,0.008026809,0.3601599,0.2634813,0,0,0.5711331,0.4846043,0,0,0.004220095,0.003400369,0.02731811,1.401298E-45,1.401298E-45,1.401298E-45,0.307408,0.02938405,0.02440716,0.01086564,0.0003665695,0.0002381199,0,0,0,3.961537E-06,0,0,0.003806816,1.401298E-45,1.934072E-41,1.401298E-45,0.008400152,1.401298E-45,0.00806419,1.401298E-45,1.401298E-45,1.401298E-45,0.03482796,1.401298E-45,1.401298E-45,9.556607E-05,1.401298E-45,0.01081428,0.001738031,5.394634E-17,0.0009852675,4.364921E-29,2.3013E-38,0.0001751757,0.009881647,_,_,0,_,_
t,2024-03-03-11-32:45:5653,1,-1,-1,-1,71,71,Untagged,0.07563174,0.152584,1.401298E-45,7.420676E-28,0.1619516,0.09845866,1.401298E-45,1.401298E-45,1.401298E-45,2.802788E-05,1.401298E-45,1.401298E-45,0.0964615,0.0008838773,0.2397173,0.1498356,0,0,0.6793218,0.5965327,0,0,0.003361236,0.002736436,0.02727055,1.401298E-45,1.401298E-45,1.401298E-45,0.2945763,0.01597298,0.02586632,0.01086564,0.0002471627,0.0001644533,0,0,0,2.782691E-06,0,0,0.002425633,1.401298E-45,1.363043E-41,1.401298E-45,0.009311013,1.401298E-45,0.0089546,1.401298E-45,1.401298E-45,1.401298E-45,0.03393345,1.401298E-45,1.401298E-45,6.518638E-05,1.401298E-45,0.01083267,0.001039518,4.460438E-17,0.00081001,3.076313E-29,1.621912E-38,0.0001169848,0.01021357,_,_,0,_,_
t,2024-03-03-11-32:45:6179,1,-1,-1,-1,71,71,Untagged,0.07889783,0.1667814,1.401298E-45,3.68591E-28,0.1587389,0.09465347,1.401298E-45,1.401298E-45,1.401298E-45,1.346202E-05,1.401298E-45,1.401298E-45,0.06673227,0.000258632,0.1748537,0.1098946,0,0,0.6825351,0.6000422,0,0,0.009651866,0.01037524,0.02721544,1.401298E-45,1.401298E-45,1.401298E-45,0.2931556,0.01589195,0.02682318,0.01086564,0.0001147862,7.921518E-05,0,0,0,1.375216E-06,0,0,0.001032761,1.401298E-45,6.769673E-42,1.401298E-45,0.01021435,1.401298E-45,0.001927778,1.401298E-45,1.401298E-45,1.401298E-45,0.03311388,1.401298E-45,1.401298E-45,3.081234E-05,1.401298E-45,0.007441506,0.000401069,3.049331E-17,0.0005489968,1.528029E-29,8.056167E-39,5.353806E-05,0.004906006,_,_,0,_,_
t,2024-03-03-11-32:45:6668,1,-1,-1,-1,71,71,Untagged,0.04758427,0.1593423,1.401298E-45,1.830829E-28,0.1269501,0.08414984,1.401298E-45,1.401298E-45,1.401298E-45,6.534593E-06,1.401298E-45,1.401298E-45,0.02910016,0.0001561344,0.1253867,0.09674349,0,0,0.6584412,0.5754983,0,0,0.01541582,0.02051439,0.02718909,1.401298E-45,1.401298E-45,1.401298E-45,0.2607402,0.02653015,0.0144617,0.01086564,5.444117E-05,3.852766E-05,0,0,0,6.807265E-07,0,0,0.0004610976,1.401298E-45,3.363116E-42,1.401298E-45,0.004606318,1.401298E-45,0.0005216062,1.401298E-45,1.401298E-45,1.401298E-45,0.03281263,1.401298E-45,1.401298E-45,1.479274E-05,1.401298E-45,0.001960977,0.0001670442,2.084647E-17,0.004003434,7.589877E-30,4.00158E-39,2.513577E-05,0.003512039,_,_,0,_,_
t,2024-03-03-11-32:45:7151,1,-1,-1,-1,71,71,Untagged,0.05017484,0.1567327,1.401298E-45,1.290335E-28,0.1361372,0.07918296,1.401298E-45,1.401298E-45,1.401298E-45,4.565911E-06,1.401298E-45,1.401298E-45,0.08599414,0.0001567453,0.1805833,0.09665219,0,0,0.6453271,0.562161,0,0,0.01452062,0.02044311,0.02718159,1.401298E-45,1.401298E-45,1.401298E-45,0.2715783,0.02290217,0.01272475,0.01086564,3.770951E-05,2.694032E-05,0,0,0,4.791434E-07,0,0,0.0003121751,1.401298E-45,2.369596E-42,1.401298E-45,0.006657451,1.401298E-45,0.0002903925,1.401298E-45,1.401298E-45,1.401298E-45,0.03366186,1.401298E-45,1.401298E-45,1.029344E-05,1.401298E-45,0.005893292,0.0001101384,1.723648E-17,0.003246641,5.349208E-30,2.820241E-39,1.734423E-05,0.006482681,_,_,0,_,_
t,2024-03-03-11-32:45:7543,1,-1,-1,-1,71,71,Untagged,0.04327347,0.149826,1.401298E-45,9.094054E-29,0.1323398,0.07736784,1.401298E-45,1.401298E-45,1.401298E-45,3.195089E-06,1.401298E-45,1.401298E-45,0.06813334,0.0002474859,0.1740907,0.1077599,0,0,0.6433044,0.5602066,0,0,0.0138033,0.01771844,0.02717635,1.401298E-45,1.401298E-45,1.401298E-45,0.2474338,0.009835695,0.01187327,0.01086564,2.619809E-05,1.886359E-05,0,0,0,3.373306E-07,0,0,0.0002128022,1.401298E-45,1.670348E-42,1.401298E-45,0.003124578,1.401298E-45,0.0001677729,1.401298E-45,1.401298E-45,1.401298E-45,0.03329199,1.401298E-45,1.401298E-45,7.1784E-06,1.401298E-45,0.003135073,7.343842E-05,1.425163E-17,0.002641688,3.770028E-30,1.987656E-39,1.201147E-05,0.003285232,_,_,0,_,_
t,2024-03-03-11-32:45:8102,1,-1,-1,-1,71,71,Untagged,0.0485917,0.1587062,1.401298E-45,4.517153E-29,0.132984,0.08413114,1.401298E-45,1.401298E-45,1.401298E-45,1.570018E-06,1.401298E-45,1.401298E-45,0.05307039,0.0001684278,0.1489972,0.09691606,0,0,0.6139596,0.530533,0,0,0.01357331,0.01659329,0.02717013,1.401298E-45,1.401298E-45,1.401298E-45,0.2477374,0.03058309,0.01119828,0.01086564,1.27333E-05,9.277872E-06,0,0,0,1.672866E-07,0,0,0.0001004915,1.401298E-45,8.295687E-43,1.401298E-45,0.005392035,1.401298E-45,6.130024E-05,1.401298E-45,1.401298E-45,1.401298E-45,0.03514781,1.401298E-45,1.401298E-45,3.509104E-06,1.401298E-45,0.00100446,3.35301E-05,9.743055E-18,0.001762648,1.87263E-30,9.872988E-40,5.810034E-06,0.0009733538,_,_,0,_,_
t,2024-03-03-11-32:45:8530,1,-1,-1,-1,71,71,Untagged,0.05520266,0.1559431,1.401298E-45,3.183582E-29,0.1314488,0.07978609,1.401298E-45,1.401298E-45,1.401298E-45,1.102049E-06,1.401298E-45,1.401298E-45,0.06130084,0.0002531409,0.1662921,0.1065849,0,0,0.6088864,0.5254899,0,0,0.01303644,0.01477245,0.02716834,1.401298E-45,1.401298E-45,1.401298E-45,0.2373742,0.01212161,0.01106605,0.01086564,8.901351E-06,6.514718E-06,0,0,0,1.178283E-07,0,0,6.949247E-05,1.401298E-45,5.843415E-43,1.401298E-45,0.002759025,1.401298E-45,3.842676E-05,1.401298E-45,1.401298E-45,1.401298E-45,0.03424323,1.401298E-45,1.401298E-45,2.458374E-06,1.401298E-45,0.0005980946,2.289371E-05,8.055806E-18,0.001444197,1.319785E-30,6.958246E-40,4.054241E-06,0.005586891,_,_,0,_,_
t,2024-03-03-11-32:45:8877,1,-1,-1,-1,71,71,Untagged,0.04712801,0.1298742,1.401298E-45,2.243728E-29,0.1470694,0.08592371,1.401298E-45,1.401298E-45,1.401298E-45,7.74112E-07,1.401298E-45,1.401298E-45,0.1128651,0.02438161,0.3569608,0.3076005,0,0,0.6052976,0.5218384,0,0,0.009957252,0.01118882,0.02716708,1.401298E-45,1.401298E-45,1.401298E-45,0.1942749,0.004961888,0.0109895,0.01086564,6.231379E-06,4.577445E-06,0,0,0,8.300159E-08,0,0,4.821315E-05,1.401298E-45,4.119817E-43,1.401298E-45,0.001482084,1.401298E-45,2.455862E-05,1.401298E-45,1.401298E-45,1.401298E-45,0.03367517,1.401298E-45,1.401298E-45,1.724058E-06,1.401298E-45,0.0003659637,1.571644E-05,6.660772E-18,0.001185144,9.301591E-31,4.90404E-40,2.833926E-06,0.003084854,_,_,0,_,_
t,2024-03-03-11-32:45:9274,1,-1,-1,-1,71,71,Untagged,0.04901628,0.1156104,1.401298E-45,1.581334E-29,0.2118026,0.09664501,1.401298E-45,1.401298E-45,0.005898159,5.440725E-07,1.401298E-45,1.401298E-45,0.9170656,0.9737028,0.09076185,0.0150923,0,0,0.2669234,0.1769453,0,0,0.007707092,0.008599554,0.0271662,1.401298E-45,1.401298E-45,1.401298E-45,0.1290542,0.002190087,0.01094386,0.01086564,4.367339E-06,3.217951E-06,0,0,0,5.847364E-08,0,0,0.005877818,1.401298E-45,2.900688E-43,1.401298E-45,0.005713552,1.401298E-45,0.005620266,1.401298E-45,1.401298E-45,1.401298E-45,0.03331187,1.401298E-45,1.401298E-45,1.210114E-06,1.401298E-45,0.005639938,1.083795E-05,5.507311E-18,0.0009738228,6.555572E-31,3.456275E-40,1.983735E-06,0.001769691,_,_,0,_,_
t,2024-03-03-11-32:45:9687,1,-1,-1,-1,71,71,Untagged,0.09092421,0.1227889,1.401298E-45,1.114483E-29,0.2209107,0.1226152,1.401298E-45,1.401298E-45,0.008447552,3.825727E-07,1.401298E-45,1.401298E-45,0.9958652,0.9451584,0.002674998,0.09340166,0,0.06454192,0.03074553,0,0,0,0.006032115,0.006691069,0.02716558,1.401298E-45,1.401298E-45,1.401298E-45,0.06349642,0.001033544,0.01091594,0.01086564,3.063829E-06,2.263195E-06,0,0,0,4.119662E-08,0,0,0.008419351,1.401298E-45,2.045896E-43,1.401298E-45,0.007924347,1.401298E-45,0.008182053,1.401298E-45,1.401298E-45,1.401298E-45,0.03307589,1.401298E-45,1.401298E-45,8.499731E-07,1.401298E-45,0.008125405,0.005843859,4.553578E-18,0.00080104,4.620198E-31,2.435891E-40,1.390229E-06,0.001049004,_,_,0,_,_
t,2024-03-03-11-32:46:0099,1,-1,-1,-1,71,71,Untagged,0.04645154,0.08598056,1.401298E-45,5.535773E-30,0.1745311,0.08878513,1.401298E-45,1.401298E-45,0.003137702,1.893733E-07,1.401298E-45,1.401298E-45,0.1025881,0.1871358,0.4357842,0.4376227,0,0.06350529,0.0321536,0,0,0,0.003793722,0.004170355,0.02716484,1.401298E-45,1.401298E-45,1.401298E-45,0.1313119,0.0002726495,0.01088736,0.01086564,1.511274E-06,1.120614E-06,0,0,0,2.045229E-08,0,0,0.003083502,1.401298E-45,1.022948E-43,1.401298E-45,0.004658042,1.401298E-45,0.002778594,1.401298E-45,1.401298E-45,1.401298E-45,0.03281719,1.401298E-45,1.401298E-45,4.200363E-07,1.401298E-45,0.01000773,0.00499821,3.113019E-18,0.0005433747,2.294908E-31,1.209937E-40,6.846867E-07,0.000399087,_,_,0,_,_
t,2024-03-03-11-32:46:0528,1,-1,-1,-1,71,71,Untagged,0.02763016,0.04051216,1.401298E-45,3.9015E-30,0.1650081,0.08082762,1.401298E-45,1.401298E-45,0.001979517,1.33294E-07,1.401298E-45,1.401298E-45,0.03269821,0.116346,0.3719195,0.4174337,0,0.05344367,0.04151255,0,0,0,0.003039822,0.003330219,0.02716462,1.401298E-45,1.401298E-45,1.401298E-45,0.1503057,0.0001502519,0.01088016,0.01086564,1.06234E-06,7.88853E-07,0,0,0,1.441157E-08,0,0,0.00193472,1.401298E-45,7.146622E-44,1.401298E-45,0.002496016,1.401298E-45,0.001692785,1.401298E-45,1.401298E-45,1.401298E-45,0.03274773,1.401298E-45,1.401298E-45,2.954662E-07,1.401298E-45,0.01035944,0.00305795,2.573931E-18,0.0004479686,1.617405E-31,8.527322E-41,4.810167E-07,0.0002541245,_,_,0,_,_
t,2024-03-03-11-32:46:0913,1,-1,-1,-1,71,71,Untagged,0.01727433,0.04525604,1.401298E-45,2.749703E-30,0.1661102,0.08486118,1.401298E-45,1.401298E-45,0.001271938,9.384272E-08,1.401298E-45,1.401298E-45,0.02263847,0.1113306,0.3457958,0.4021705,0,0.0532407,0.04135624,0,0,0,0.002448848,0.002675182,0.02716447,1.401298E-45,1.401298E-45,1.401298E-45,0.1869741,8.605095E-05,0.01087544,0.01086564,7.471033E-07,5.554257E-07,0,0,0,1.015538E-08,0,0,0.001237443,1.401298E-45,5.044674E-44,1.401298E-45,0.001395416,1.401298E-45,0.001056083,1.401298E-45,1.401298E-45,1.401298E-45,0.03270069,1.401298E-45,1.401298E-45,2.079093E-07,1.401298E-45,0.01055829,0.001914624,2.1282E-18,0.00400258,1.139916E-31,6.009889E-41,3.381184E-07,0.005719507,_,_,0,_,_
