ID,TIMESTAMP,CONDITION,TRIAL,Q1ANS,Q2ANS,P1SCORE,P2SCORE,GAZE_FOCUS,BrowLowererL,BrowLowererR,CheekPuffL,CheekPuffR,CheekRaiserL,CheekRaiserR,CheekSuckL,CheekSuckR,ChinRaiserB,ChinRaiserT,DimplerL,DimplerR,EyesClosedL,EyesClosedR,EyesLookDownL,EyesLookDownR,EyesLookLeftL,EyesLookLeftR,EyesLookRightL,EyesLookRightR,EyesLookUpL,EyesLookUpR,InnerBrowRaiserL,InnerBrowRaiserR,JawDrop,JawSidewaysLeft,JawSidewaysRight,JawThrust,LidTightenerL,LidTightenerR,LipCornerDepressorL,LipCornerDepressorR,LipCornerPullerL,LipCornerPullerR,LipFunnelerLB,LipFunnelerLT,LipFunnelerRB,LipFunnelerRT,LipPressorL,LipPressorR,LipPuckerL,LipPuckerR,LipStretcherL,LipStretcherR,LipSuckLB,LipSuckLT,LipSuckRB,LipSuckRT,LipTightenerL,LipTightenerR,LipsToward,LowerLipDepressorL,LowerLipDepressorR,MouthLeft,MouthRight,NoseWrinklerL,NoseWrinklerR,OuterBrowRaiserL,OuterBrowRaiserR,UpperLidRaiserL,UpperLidRaiserR,UpperLipRaiserL,UpperLipRaiserR,Max,Invalid,HeartRate,GSR,GSR_CONDUCTANCE
t,2024-01-03-10-28:11:3345,1,-1,-1,-1,71,71,Untagged,0.02029482,0.04242161,1.401298E-45,1.401298E-45,0.07256719,0.06519416,1.401298E-45,1.401298E-45,1.401298E-45,1.331234E-43,8.905467E-14,4.344025E-44,0,0.02846974,8.032268E-11,0.02846715,0,0,0.27132,0.1853864,0,0,0.006706506,0.003699598,0.008447507,1.401298E-45,1.401298E-45,1.401298E-45,6.170679E-21,0.1102485,0.01086564,5.223342E-05,3.532805E-07,7.099401E-08,1.401298E-45,1.401298E-45,1.401298E-45,1.401298E-45,1.401298E-45,1.401298E-45,1.401298E-45,1.401298E-45,1.471363E-43,9.10844E-44,7.45928E-07,7.558927E-06,9.825725E-07,3.412384E-08,1.401298E-45,1.401298E-45,0.01156694,1.401298E-45,1.401298E-45,1.401298E-45,1.401298E-45,1.401298E-45,1.401298E-45,1.401298E-45,6.072246E-12,1.401298E-45,1.401298E-45,1.162953E-07,3.450104E-08,_,_,0,_,_
t,2024-01-03-10-28:11:3808,1,-1,-1,-1,71,71,Untagged,0.01292308,0.02874338,1.401298E-45,1.401298E-45,0.06732709,0.06519401,1.401298E-45,1.401298E-45,1.401298E-45,6.586103E-44,4.423447E-14,2.242078E-44,0,0.04924197,3.989541E-11,0.04921643,0,0,0.266804,0.1809463,0,0,0.004731157,0.002869777,0.003137696,1.401298E-45,1.401298E-45,1.401298E-45,3.065048E-21,0.1098741,0.01086564,2.407806E-05,1.719307E-07,3.507137E-08,1.401298E-45,1.401298E-45,1.401298E-45,1.401298E-45,1.401298E-45,1.401298E-45,1.401298E-45,1.401298E-45,7.286752E-44,4.484155E-44,3.596332E-07,3.485911E-06,4.749587E-07,1.682953E-08,1.401298E-45,1.401298E-45,0.007805977,1.401298E-45,1.401298E-45,1.401298E-45,1.401298E-45,1.401298E-45,1.401298E-45,1.401298E-45,4.151243E-12,1.401298E-45,1.401298E-45,5.708601E-08,1.709501E-08,_,_,0,_,_
t,2024-01-03-10-28:11:4491,1,-1,-1,-1,71,71,Untagged,0.01098407,0.02647703,1.401298E-45,1.401298E-45,0.06591499,0.06519394,1.401298E-45,1.401298E-45,1.401298E-45,3.222986E-44,2.197202E-14,1.121039E-44,0,0.04790345,1.981613E-11,0.04788109,0,0,0.2574157,0.1714634,0,0,0.00410941,0.002327845,0.006530806,1.401298E-45,1.401298E-45,1.401298E-45,1.522462E-21,0.0818358,0.01086564,1.13613E-05,8.421481E-08,1.735556E-08,1.401298E-45,1.401298E-45,1.401298E-45,1.401298E-45,1.401298E-45,1.401298E-45,1.401298E-45,1.401298E-45,3.643376E-44,2.242078E-44,1.750253E-07,1.645317E-06,2.315644E-07,8.318931E-09,1.401298E-45,1.401298E-45,0.006423165,1.401298E-45,1.401298E-45,1.401298E-45,1.401298E-45,1.401298E-45,1.401298E-45,1.401298E-45,2.837983E-12,1.401298E-45,1.401298E-45,2.812703E-08,8.477133E-09,_,_,0,_,_
t,2024-01-03-10-28:11:4927,1,-1,-1,-1,71,71,Untagged,0.008208959,0.02209009,1.401298E-45,1.401298E-45,0.0656324,0.06519391,1.401298E-45,1.401298E-45,1.401298E-45,2.242078E-44,1.54854E-14,8.407791E-45,0,0.04755697,1.396582E-11,0.04753524,0,0,0.2333757,0.1472568,0,0,0.003885014,0.001894117,0.003921027,1.401298E-45,1.401298E-45,1.401298E-45,1.072998E-21,0.1056958,0.01086564,7.854283E-06,5.904265E-08,1.221473E-08,1.401298E-45,1.401298E-45,1.401298E-45,1.401298E-45,1.401298E-45,1.401298E-45,1.401298E-45,1.401298E-45,2.522337E-44,1.541428E-44,1.224137E-07,1.137564E-06,1.62066E-07,5.85233E-09,1.401298E-45,1.401298E-45,0.006086271,1.401298E-45,1.401298E-45,1.401298E-45,1.401298E-45,1.401298E-45,1.401298E-45,1.401298E-45,2.346521E-12,1.401298E-45,1.401298E-45,1.976334E-08,5.970744E-09,_,_,0,_,_
t,2024-01-03-10-28:11:5361,1,-1,-1,-1,71,71,Untagged,0.01492696,0.02726068,1.401298E-45,1.401298E-45,0.06536751,0.0567233,1.401298E-45,1.401298E-45,1.401298E-45,1.121039E-44,7.691751E-15,4.203895E-45,0,0.02924,6.936839E-12,0.029237,0,0,0.233703,0.1475493,0,0,0.005639133,0.001686056,0.001521914,1.401298E-45,1.401298E-45,1.401298E-45,5.329689E-22,0.08588507,0.01086564,0.003723713,2.909577E-08,6.054365E-09,1.401298E-45,1.401298E-45,1.401298E-45,1.401298E-45,1.401298E-45,1.401298E-45,1.401298E-45,1.401298E-45,1.261169E-44,8.407791E-45,6.010475E-08,5.488747E-07,7.965453E-08,2.89892E-09,1.401298E-45,1.401298E-45,0.005726411,1.401298E-45,1.401298E-45,1.401298E-45,1.401298E-45,1.401298E-45,1.401298E-45,1.401298E-45,1.604177E-12,1.401298E-45,1.401298E-45,9.771796E-09,2.962912E-09,_,_,0,_,_
t,2024-01-03-10-28:11:6193,1,-1,-1,-1,71,71,Untagged,0.008466403,0.02284661,1.401298E-45,1.401298E-45,0.06526753,0.05498808,1.401298E-45,1.401298E-45,1.401298E-45,5.605194E-45,3.820571E-15,1.401298E-45,0,0.02634078,3.445558E-12,0.02633894,0,0,0.2056187,0.1192068,0,0,0.004706853,0.001648397,0.0006365755,1.401298E-45,1.401298E-45,1.401298E-45,2.647311E-22,0.09207362,0.01086564,0.001583216,1.43741E-08,3.002923E-09,1.401298E-45,1.401298E-45,1.401298E-45,1.401298E-45,1.401298E-45,1.401298E-45,1.401298E-45,1.401298E-45,5.605194E-45,4.203895E-45,2.961925E-08,2.67263E-07,3.92805E-08,1.437215E-09,1.401298E-45,1.401298E-45,0.005568909,1.401298E-45,1.401298E-45,1.401298E-45,1.401298E-45,1.401298E-45,1.401298E-45,1.401298E-45,1.096681E-12,1.401298E-45,1.401298E-45,4.838575E-09,1.470754E-09,_,_,0,_,_
t,2024-01-03-10-28:11:6606,1,-1,-1,-1,71,71,Untagged,0.006522329,0.02292339,1.401298E-45,1.401298E-45,0.06524278,0.05469825,1.401298E-45,1.401298E-45,1.401298E-45,4.203895E-45,2.692668E-15,1.401298E-45,0,0.02313162,2.428355E-12,0.02313039,0,0,0.2017001,0.1154049,0,0,0.004371959,0.001868468,0.0004204009,1.401298E-45,1.401298E-45,1.401298E-45,1.865776E-22,0.09296045,0.01086564,0.001052127,1.011008E-08,2.11526E-09,1.401298E-45,1.401298E-45,1.401298E-45,1.401298E-45,1.401298E-45,1.401298E-45,1.401298E-45,1.401298E-45,4.203895E-45,2.802597E-45,2.081332E-08,1.869635E-07,2.760941E-08,1.012209E-09,1.401298E-45,1.401298E-45,0.005526273,1.401298E-45,1.401298E-45,1.401298E-45,1.401298E-45,1.401298E-45,1.401298E-45,1.401298E-45,9.067679E-13,1.401298E-45,1.401298E-45,3.406143E-09,1.036308E-09,_,_,0,_,_
t,2024-01-03-10-28:11:6971,1,-1,-1,-1,71,71,Untagged,0.006146681,0.02043817,1.401298E-45,1.401298E-45,0.06521606,0.05445719,1.401298E-45,1.401298E-45,1.401298E-45,1.401298E-45,1.337486E-15,1.401298E-45,0,0.02159237,1.20619E-12,0.02159144,0,0,0.1406631,0.05409144,0,0,0.003399852,0.001247867,0.0001891414,1.401298E-45,1.401298E-45,1.401298E-45,9.267573E-23,0.08573162,0.01086564,0.0004779142,5.006459E-09,1.049822E-09,1.401298E-45,1.401298E-45,1.401298E-45,1.401298E-45,1.401298E-45,1.401298E-45,1.401298E-45,1.401298E-45,1.401298E-45,1.401298E-45,1.029208E-08,9.1827E-08,1.365807E-08,5.02244E-10,1.401298E-45,1.401298E-45,0.005477448,1.401298E-45,1.401298E-45,1.401298E-45,1.401298E-45,1.401298E-45,1.401298E-45,1.401298E-45,6.199066E-13,1.401298E-45,1.401298E-45,1.688886E-09,5.1456E-10,_,_,0,_,_
t,2024-01-03-10-28:11:7563,1,-1,-1,-1,71,71,Untagged,0.004822474,0.02092559,1.401298E-45,1.401298E-45,0.06520898,0.05440759,1.401298E-45,1.401298E-45,1.401298E-45,1.401298E-45,9.426313E-16,1.401298E-45,0,0.02141939,8.500946E-13,0.02141854,0,0,0.1263232,0.03964174,0,0,0.003307051,0.001022774,0.0001284253,1.401298E-45,1.401298E-45,1.401298E-45,6.531585E-23,0.03974407,0.01086564,0.0003256787,3.5244E-09,7.396653E-10,1.401298E-45,1.401298E-45,1.401298E-45,1.401298E-45,1.401298E-45,1.401298E-45,1.401298E-45,1.401298E-45,1.401298E-45,1.401298E-45,7.241482E-09,6.44452E-08,9.611202E-09,3.538297E-10,1.401298E-45,1.401298E-45,0.005463813,1.401298E-45,1.401298E-45,1.401298E-45,1.401298E-45,1.401298E-45,1.401298E-45,1.401298E-45,5.125555E-13,1.401298E-45,1.401298E-45,1.189502E-09,3.626009E-10,_,_,0,_,_
t,2024-01-03-10-28:11:7932,1,-1,-1,-1,71,71,Untagged,0.004696443,0.01878597,1.401298E-45,1.401298E-45,0.06520099,0.05436024,1.401298E-45,1.401298E-45,1.401298E-45,1.401298E-45,4.682176E-16,1.401298E-45,0,0.02130815,4.222518E-13,0.0213073,0,0.03911985,0.04764964,0,0,0,0.003168191,0.001115338,6.028327E-05,1.401298E-45,1.401298E-45,1.401298E-45,3.244326E-23,0.06635955,0.01086564,0.0001537215,1.747587E-09,3.672321E-10,1.401298E-45,1.401298E-45,1.401298E-45,1.401298E-45,1.401298E-45,1.401298E-45,1.401298E-45,1.401298E-45,1.401298E-45,1.401298E-45,3.587843E-09,3.180733E-08,4.762995E-09,1.756463E-10,1.401298E-45,1.401298E-45,0.005447875,1.401298E-45,1.401298E-45,1.401298E-45,1.401298E-45,1.401298E-45,1.401298E-45,1.401298E-45,3.504053E-13,1.401298E-45,1.401298E-45,5.902504E-10,1.800714E-10,_,_,0,_,_
t,2024-01-03-10-28:11:8320,1,-1,-1,-1,71,71,Untagged,0.003731146,0.01961164,1.401298E-45,1.401298E-45,0.06519879,0.05434908,1.401298E-45,1.401298E-45,1.401298E-45,1.401298E-45,3.299895E-16,1.401298E-45,0,0.0212907,2.975933E-13,0.02128979,0,0.07538985,0.01128843,0,0,0,0.003116629,0.001436523,4.159342E-05,1.401298E-45,1.401298E-45,1.401298E-45,2.286529E-23,0.0819395,0.01086564,0.0001062837,1.230863E-09,2.587723E-10,1.401298E-45,1.401298E-45,1.401298E-45,1.401298E-45,1.401298E-45,1.401298E-45,1.401298E-45,1.401298E-45,1.401298E-45,1.401298E-45,2.526237E-09,2.236366E-08,3.353953E-09,1.237638E-10,1.401298E-45,1.401298E-45,0.005443342,1.401298E-45,1.401298E-45,1.401298E-45,1.401298E-45,1.401298E-45,1.401298E-45,1.401298E-45,2.897244E-13,1.401298E-45,1.401298E-45,4.158396E-10,1.269005E-10,_,_,0,_,_
t,2024-01-03-10-28:11:8654,1,-1,-1,-1,71,71,Untagged,0.002984478,0.02027717,1.401298E-45,1.401298E-45,0.06519728,0.05434198,1.401298E-45,1.401298E-45,1.401298E-45,1.401298E-45,2.325686E-16,1.401298E-45,0,0.03797341,2.097363E-13,0.03796421,0.01516215,0.1017994,0,0,0,0,0.003074162,0.001176269,2.880278E-05,1.401298E-45,1.401298E-45,1.401298E-45,1.61149E-23,0.08834447,0.01086564,7.372699E-05,8.670171E-10,1.823504E-10,1.401298E-45,1.401298E-45,1.401298E-45,1.401298E-45,1.401298E-45,1.401298E-45,1.401298E-45,1.401298E-45,1.401298E-45,1.401298E-45,1.779035E-09,1.573028E-08,2.362095E-09,8.720946E-11,1.401298E-45,1.401298E-45,0.005440185,1.401298E-45,1.401298E-45,1.401298E-45,1.401298E-45,1.401298E-45,1.401298E-45,1.401298E-45,2.395514E-13,1.401298E-45,1.401298E-45,2.929829E-10,8.943064E-11,_,_,0,_,_
t,2024-01-03-10-28:11:9254,1,-1,-1,-1,71,71,Untagged,0.00240079,0.01805439,1.401298E-45,1.401298E-45,0.06519624,0.0543374,1.401298E-45,1.401298E-45,1.401298E-45,1.401298E-45,1.639098E-16,1.401298E-45,0,0.0434648,1.478179E-13,0.04344896,0.03100156,0.1176014,0,0,0,0,0.003039162,0.0009647839,2.000603E-05,1.401298E-45,1.401298E-45,1.401298E-45,1.135747E-23,0.06677745,0.01086564,5.12832E-05,6.107861E-10,1.285018E-10,1.401298E-45,1.401298E-45,1.401298E-45,1.401298E-45,1.401298E-45,1.401298E-45,1.401298E-45,1.401298E-45,1.401298E-45,1.401298E-45,1.253017E-09,1.106831E-08,1.663775E-09,6.145408E-11,1.401298E-45,1.401298E-45,0.005437982,1.401298E-45,1.401298E-45,1.401298E-45,1.401298E-45,1.401298E-45,1.401298E-45,1.401298E-45,1.98068E-13,1.401298E-45,1.401298E-45,2.064358E-10,6.302563E-11,_,_,0,_,_
t,2024-01-03-10-28:11:9657,1,-1,-1,-1,71,71,Untagged,0.001574359,0.01778215,1.401298E-45,1.401298E-45,0.06519502,0.06010262,1.401298E-45,1.401298E-45,1.401298E-45,1.401298E-45,8.141557E-17,1.401298E-45,0,0.04074131,7.342248E-14,0.0407289,0.0461499,0.1326928,0,0,0,0,0.002439254,0.0006515958,9.72052E-06,1.401298E-45,1.401298E-45,1.401298E-45,5.641365E-24,0.08431656,0.01086564,2.49716E-05,3.031802E-10,6.38167E-11,1.401298E-45,1.401298E-45,1.401298E-45,1.401298E-45,1.401298E-45,1.401298E-45,1.401298E-45,1.401298E-45,1.401298E-45,1.401298E-45,6.217765E-10,5.484192E-09,8.25675E-10,3.051773E-11,1.401298E-45,1.401298E-45,0.005435363,1.401298E-45,1.401298E-45,1.401298E-45,1.401298E-45,1.401298E-45,1.401298E-45,1.401298E-45,1.354073E-13,1.401298E-45,1.401298E-45,1.02499E-10,3.130293E-11,_,_,0,_,_
t,2024-01-03-10-28:11:9989,1,-1,-1,-1,71,71,Untagged,0.001281551,0.0130227,1.401298E-45,1.401298E-45,0.05927193,0.05794412,1.401298E-45,1.401298E-45,1.401298E-45,1.401298E-45,5.738017E-17,1.401298E-45,0,0.02979435,5.174676E-14,0.02979081,0.05046656,0.1369959,0,0,0,0,0.00198341,0.000536311,6.794476E-06,1.401298E-45,1.401298E-45,1.401298E-45,3.975928E-24,0.0661469,0.01086564,1.746894E-05,2.136222E-10,4.497381E-11,1.401298E-45,1.401298E-45,1.401298E-45,1.401298E-45,1.401298E-45,1.401298E-45,1.401298E-45,1.401298E-45,1.401298E-45,1.401298E-45,4.380558E-10,3.861589E-09,5.817258E-10,2.150645E-11,1.401298E-45,1.401298E-45,0.005434607,1.401298E-45,1.401298E-45,1.401298E-45,1.401298E-45,1.401298E-45,1.401298E-45,1.401298E-45,1.119587E-13,1.401298E-45,1.401298E-45,7.222889E-11,2.206105E-11,_,_,0,_,_
t,2024-01-03-10-28:12:0349,1,-1,-1,-1,71,71,Untagged,0.003334564,0.01254596,1.401298E-45,1.401298E-45,0.06135609,0.05663704,1.401298E-45,1.401298E-45,1.401298E-45,1.401298E-45,4.044031E-17,1.401298E-45,0,0.02526381,3.646999E-14,0.02526195,0.05045948,0.1369752,0,0,0,0,0.00214153,0.0004417696,4.755979E-06,1.401298E-45,1.401298E-45,1.401298E-45,2.802149E-24,0.06066679,0.01086564,1.223611E-05,1.505252E-10,3.169483E-11,1.401298E-45,1.401298E-45,1.401298E-45,1.401298E-45,1.401298E-45,1.401298E-45,1.401298E-45,1.401298E-45,1.401298E-45,1.401298E-45,3.086388E-10,2.719488E-09,4.098746E-10,1.51562E-11,1.401298E-45,1.401298E-45,0.005434077,1.401298E-45,1.401298E-45,1.401298E-45,1.401298E-45,1.401298E-45,1.401298E-45,1.401298E-45,9.257045E-14,1.401298E-45,1.401298E-45,5.089927E-11,1.554777E-11,_,_,0,_,_
t,2024-01-03-10-28:12:0953,1,-1,-1,-1,71,71,Untagged,0.002186003,0.009186889,1.401298E-45,1.401298E-45,0.05829661,0.05531446,1.401298E-45,1.401298E-45,1.401298E-45,1.401298E-45,2.008724E-17,1.401298E-45,0,0.03822387,1.811512E-14,0.03821411,0.06379423,0.1502642,0,0,0,0,0.001848762,0.0003002991,2.338072E-06,1.401298E-45,1.401298E-45,1.401298E-45,1.391865E-24,0.03221432,0.01086564,6.021494E-06,7.474446E-11,1.574193E-11,1.401298E-45,1.401298E-45,1.401298E-45,1.401298E-45,1.401298E-45,1.401298E-45,1.401298E-45,1.401298E-45,1.401298E-45,1.401298E-45,1.532349E-10,1.349249E-09,2.035052E-10,7.527467E-12,1.401298E-45,1.401298E-45,0.005433443,1.401298E-45,1.401298E-45,1.401298E-45,1.401298E-45,1.401298E-45,1.401298E-45,1.401298E-45,6.328519E-14,1.401298E-45,1.401298E-45,2.527778E-11,7.722495E-12,_,_,0,_,_
t,2024-01-03-10-28:12:1377,1,-1,-1,-1,71,71,Untagged,0.001779216,0.007039193,1.401298E-45,1.401298E-45,0.05632832,0.05498479,1.401298E-45,1.401298E-45,1.401298E-45,1.401298E-45,1.415702E-17,1.401298E-45,0,0.04340425,1.276711E-14,0.04338789,0.1023725,0.1886699,0,0,0,0,0.001509061,0.0002477666,1.641455E-06,1.401298E-45,1.401298E-45,1.401298E-45,9.809543E-25,0.03101648,0.01086564,4.229036E-06,5.267201E-11,1.10942E-11,1.401298E-45,1.401298E-45,1.401298E-45,1.401298E-45,1.401298E-45,1.401298E-45,1.401298E-45,1.401298E-45,1.401298E-45,1.401298E-45,1.079779E-10,9.505096E-10,1.434034E-10,5.30497E-12,1.401298E-45,1.401298E-45,0.005433259,1.401298E-45,1.401298E-45,1.401298E-45,1.401298E-45,1.401298E-45,1.401298E-45,1.401298E-45,5.232584E-14,1.401298E-45,1.401298E-45,1.781399E-11,5.44256E-12,_,_,0,_,_
t,2024-01-03-10-28:12:1786,1,-1,-1,-1,71,71,Untagged,0.003722506,0.007683784,1.401298E-45,1.401298E-45,0.06003958,0.06037495,1.401298E-45,1.401298E-45,1.401298E-45,1.401298E-45,9.977581E-18,1.401298E-45,0,0.0580732,8.997998E-15,0.05798646,0.1189626,0.2048761,0,0,0,0,0.001755044,0.0002044997,1.153167E-06,1.401298E-45,1.401298E-45,1.401298E-45,6.913565E-25,0.04085568,0.01086564,2.971954E-06,3.711855E-11,7.818765E-12,1.401298E-45,1.401298E-45,1.401298E-45,1.401298E-45,1.401298E-45,1.401298E-45,1.401298E-45,1.401298E-45,1.401298E-45,1.401298E-45,7.608984E-11,6.696607E-10,1.010547E-10,3.738709E-12,1.401298E-45,1.401298E-45,0.005433129,1.401298E-45,1.401298E-45,1.401298E-45,1.401298E-45,1.401298E-45,1.401298E-45,1.401298E-45,4.326445E-14,1.401298E-45,1.401298E-45,1.255423E-11,3.83576E-12,_,_,0,_,_
t,2024-01-03-10-28:12:2154,1,-1,-1,-1,71,71,Untagged,0.003007826,0.00595695,1.401298E-45,1.401298E-45,0.05727474,0.05808664,1.401298E-45,1.401298E-45,1.401298E-45,1.401298E-45,7.03203E-18,1.401298E-45,0,0.05258183,6.341636E-15,0.05251841,0.1402942,0.2260566,0,0,0,0,0.001433618,0.0001688404,8.105843E-07,1.401298E-45,1.401298E-45,1.401298E-45,4.872564E-25,0.06349052,0.01086564,2.089592E-06,2.615844E-11,5.510416E-12,1.401298E-45,1.401298E-45,1.401298E-45,1.401298E-45,1.401298E-45,1.401298E-45,1.401298E-45,1.401298E-45,1.401298E-45,1.401298E-45,5.362056E-11,4.718263E-10,7.121404E-11,2.634906E-12,1.401298E-45,1.401298E-45,0.005433038,1.401298E-45,1.401298E-45,1.401298E-45,1.401298E-45,1.401298E-45,1.401298E-45,1.401298E-45,3.577236E-14,1.401298E-45,1.401298E-45,8.847601E-12,2.703353E-12,_,_,0,_,_
t,2024-01-03-10-28:12:2740,1,-1,-1,-1,71,71,Untagged,0.0019858,0.003692207,1.401298E-45,1.401298E-45,0.05522678,0.05586805,1.401298E-45,1.401298E-45,1.401298E-45,1.401298E-45,3.492876E-18,1.401298E-45,0,0.04856318,3.14995E-15,0.04850896,0.1712078,0.256723,0,0,0,0,0.0009622498,0.0001151723,4.010177E-07,1.401298E-45,1.401298E-45,1.401298E-45,2.420248E-25,0.07032912,0.01086564,1.034186E-06,1.299157E-11,2.736988E-12,1.401298E-45,1.401298E-45,1.401298E-45,1.401298E-45,1.401298E-45,1.401298E-45,1.401298E-45,1.401298E-45,1.401298E-45,1.401298E-45,2.662913E-11,2.342561E-10,3.536698E-11,1.308728E-12,1.401298E-45,1.401298E-45,0.005432929,1.401298E-45,1.401298E-45,1.401298E-45,1.401298E-45,1.401298E-45,1.401298E-45,1.401298E-45,2.445543E-14,1.401298E-45,1.401298E-45,4.39438E-12,1.342762E-12,_,_,0,_,_
t,2024-01-03-10-28:12:3089,1,-1,-1,-1,71,71,Untagged,0.00162057,0.00508786,1.401298E-45,1.401298E-45,0.05485292,0.05533709,1.401298E-45,1.401298E-45,1.401298E-45,1.401298E-45,2.461685E-18,1.401298E-45,0,0.04783881,2.219999E-15,0.04779148,0.2020902,0.2873834,0,0,0,0,0.001312713,9.514873E-05,2.822037E-07,1.401298E-45,1.401298E-45,1.401298E-45,1.705726E-25,0.0735347,0.01086564,7.278837E-07,9.155694E-12,1.928932E-12,1.401298E-45,1.401298E-45,1.401298E-45,1.401298E-45,1.401298E-45,1.401298E-45,1.401298E-45,1.401298E-45,1.401298E-45,1.401298E-45,1.876625E-11,1.650699E-10,2.492419E-11,9.223413E-13,1.401298E-45,1.401298E-45,0.005432897,1.401298E-45,1.401298E-45,1.401298E-45,1.401298E-45,1.401298E-45,1.401298E-45,1.401298E-45,2.022032E-14,1.401298E-45,1.401298E-45,3.096959E-12,9.46337E-13,_,_,0,_,_
t,2024-01-03-10-28:12:3430,1,-1,-1,-1,71,71,Untagged,0.0013255,0.006177913,1.401298E-45,1.401298E-45,0.05987604,0.06049699,1.401298E-45,1.401298E-45,1.401298E-45,1.401298E-45,1.734937E-18,1.401298E-45,0,0.03019706,1.564603E-15,0.03019077,0.2020348,0.2873798,0,0,0,0,0.001075635,7.861783E-05,1.986444E-07,1.401298E-45,1.401298E-45,1.401298E-45,1.202155E-25,0.06610162,0.01086564,5.124232E-07,6.452475E-12,1.359452E-12,1.401298E-45,1.401298E-45,1.401298E-45,1.401298E-45,1.401298E-45,1.401298E-45,1.401298E-45,1.401298E-45,1.401298E-45,1.401298E-45,1.322528E-11,1.163213E-10,1.75651E-11,6.500358E-13,1.401298E-45,1.401298E-45,0.005432875,1.401298E-45,1.401298E-45,1.401298E-45,1.401298E-45,1.401298E-45,1.401298E-45,1.401298E-45,1.671867E-14,1.401298E-45,1.401298E-45,2.182616E-12,6.669529E-13,_,_,0,_,_
t,2024-01-03-10-28:12:3804,1,-1,-1,-1,71,71,Untagged,0.001086187,0.007037103,1.401298E-45,1.401298E-45,0.06232483,0.05812354,1.401298E-45,1.401298E-45,1.401298E-45,1.401298E-45,1.222754E-18,1.401298E-45,0,0.07748412,1.102706E-15,0.0773471,0,0,0.09096228,0.004121641,0,0,0.0008827513,6.4967E-05,1.39858E-07,1.401298E-45,1.401298E-45,1.401298E-45,8.472586E-26,0.04008814,0.01086564,3.608143E-07,4.547455E-12,9.581108E-13,1.401298E-45,1.401298E-45,1.401298E-45,1.401298E-45,1.401298E-45,1.401298E-45,1.401298E-45,1.401298E-45,1.401298E-45,1.401298E-45,9.320536E-12,8.197194E-11,1.237907E-11,4.581294E-13,1.401298E-45,1.401298E-45,0.005432859,1.401298E-45,1.401298E-45,1.401298E-45,1.401298E-45,1.401298E-45,1.401298E-45,1.401298E-45,1.382351E-14,1.401298E-45,1.401298E-45,1.538244E-12,4.700554E-13,_,_,0,_,_
t,2024-01-03-10-28:12:4419,1,-1,-1,-1,71,71,Untagged,0.0007325734,0.006045186,1.401298E-45,1.401298E-45,0.0616835,0.05585866,1.401298E-45,1.401298E-45,1.401298E-45,1.401298E-45,6.073602E-19,1.401298E-45,0,0.04162814,5.477301E-16,0.04161872,0,0,0.3722332,0.2868899,0,0,0.000596714,4.437657E-05,6.936217E-08,1.401298E-45,1.401298E-45,1.401298E-45,4.208459E-26,0.03150289,0.01086564,1.789722E-07,2.258683E-12,4.759019E-13,1.401298E-45,1.401298E-45,1.401298E-45,1.401298E-45,1.401298E-45,1.401298E-45,1.401298E-45,1.401298E-45,1.401298E-45,1.401298E-45,4.629332E-12,4.070966E-11,6.148486E-12,2.27556E-13,1.401298E-45,1.401298E-45,0.00543284,1.401298E-45,1.401298E-45,1.401298E-45,1.401298E-45,1.401298E-45,1.401298E-45,1.401298E-45,9.450366E-15,1.401298E-45,1.401298E-45,7.640478E-13,2.334822E-13,_,_,0,_,_
t,2024-01-03-10-28:12:4911,1,-1,-1,-1,71,71,Untagged,0.0006026466,0.006938084,1.401298E-45,1.401298E-45,0.06321575,0.06068547,1.401298E-45,1.401298E-45,1.401298E-45,1.401298E-45,4.280555E-19,1.401298E-45,2.646978E-23,0.04361188,3.860294E-16,0.04360052,0,0,0.3712559,0.2859038,0,0,0.0004912987,3.668013E-05,4.885681E-08,1.401298E-45,1.401298E-45,1.401298E-45,2.966039E-26,0.03089705,0.01086564,1.260703E-07,1.591848E-12,3.354048E-13,1.401298E-45,1.401298E-45,1.401298E-45,1.401298E-45,1.401298E-45,1.401298E-45,1.401298E-45,1.401298E-45,1.401298E-45,1.401298E-45,3.262579E-12,2.868952E-11,4.333232E-12,1.60376E-13,1.401298E-45,1.401298E-45,0.005432835,1.401298E-45,1.401298E-45,1.401298E-45,1.401298E-45,1.401298E-45,1.401298E-45,1.401298E-45,7.813831E-15,1.401298E-45,1.401298E-45,5.384805E-13,1.645533E-13,_,_,0,_,_
t,2024-01-03-10-28:12:5219,1,-1,-1,-1,71,71,Untagged,0.0004088479,0.008208251,1.401298E-45,1.401298E-45,0.05932314,0.05672546,1.401298E-45,1.401298E-45,1.401298E-45,1.401298E-45,2.126212E-19,1.401298E-45,0,0.03704314,1.917462E-16,0.03703748,0,0,0.3537894,0.2681538,0,0,0.0008654131,2.506409E-05,2.424665E-08,1.401298E-45,1.401298E-45,1.401298E-45,1.473273E-26,0.03060638,0.01086564,6.257159E-08,7.90672E-13,1.66599E-13,1.401298E-45,1.401298E-45,1.401298E-45,1.401298E-45,1.401298E-45,1.401298E-45,1.401298E-45,1.401298E-45,1.401298E-45,1.401298E-45,1.620506E-12,1.42491E-11,2.152301E-12,7.966026E-14,1.401298E-45,1.401298E-45,0.005432828,1.401298E-45,1.401298E-45,1.401298E-45,1.401298E-45,1.401298E-45,1.401298E-45,1.401298E-45,5.341878E-15,1.401298E-45,1.401298E-45,2.674667E-13,8.173567E-14,_,_,0,_,_
t,2024-01-03-10-28:12:5521,1,-1,-1,-1,71,71,Untagged,0.0004088479,0.008208251,1.401298E-45,1.401298E-45,0.05932314,0.05672546,1.401298E-45,1.401298E-45,1.401298E-45,1.401298E-45,2.126212E-19,1.401298E-45,0,0.03704314,1.917462E-16,0.03703748,0,0,0.3537894,0.2681538,0,0,0.0008654131,2.506409E-05,2.424665E-08,1.401298E-45,1.401298E-45,1.401298E-45,1.473273E-26,0.03060638,0.01086564,6.257159E-08,7.90672E-13,1.66599E-13,1.401298E-45,1.401298E-45,1.401298E-45,1.401298E-45,1.401298E-45,1.401298E-45,1.401298E-45,1.401298E-45,1.401298E-45,1.401298E-45,1.620506E-12,1.42491E-11,2.152301E-12,7.966026E-14,1.401298E-45,1.401298E-45,0.005432828,1.401298E-45,1.401298E-45,1.401298E-45,1.401298E-45,1.401298E-45,1.401298E-45,1.401298E-45,5.341878E-15,1.401298E-45,1.401298E-45,2.674667E-13,8.173567E-14,_,_,0,_,_
t,2024-01-03-10-28:12:6031,1,-1,-1,-1,71,71,Untagged,0.0002780434,0.007235095,1.401298E-45,1.401298E-45,0.05826147,0.05531052,1.401298E-45,1.401298E-45,1.401298E-45,1.401298E-45,1.056117E-19,1.401298E-45,0,0.04366191,9.524281E-17,0.04365181,0,0,0.328931,0.2428517,0,0,0.0005854655,1.712926E-05,1.203643E-08,1.401298E-45,1.401298E-45,1.401298E-45,7.317937E-27,0.04777171,0.01086564,3.106338E-08,3.927299E-13,8.27515E-14,1.401298E-45,1.401298E-45,1.401298E-45,1.401298E-45,1.401298E-45,1.401298E-45,1.401298E-45,1.401298E-45,1.401298E-45,1.401298E-45,8.049049E-13,7.077241E-12,1.06905E-12,3.956803E-14,1.401298E-45,1.401298E-45,0.005432825,1.401298E-45,1.401298E-45,1.401298E-45,1.401298E-45,1.401298E-45,1.401298E-45,1.401298E-45,3.651938E-15,1.401298E-45,1.401298E-45,1.328528E-13,4.059907E-14,_,_,0,_,_
t,2024-01-03-10-28:12:6436,1,-1,-1,-1,71,71,Untagged,0.0002294426,0.005688373,1.401298E-45,1.401298E-45,0.06130015,0.06044239,1.401298E-45,1.401298E-45,1.401298E-45,1.401298E-45,7.443277E-20,1.401298E-45,0,0.05685319,6.712503E-17,0.0568247,0,0,0.2908249,0.2043447,0,0,0.0004821823,1.416118E-05,8.481109E-09,1.401298E-45,1.401298E-45,1.401298E-45,5.15752E-27,0.03818271,0.01086564,2.188837E-08,2.767855E-13,5.832132E-14,1.401298E-45,1.401298E-45,1.401298E-45,1.401298E-45,1.401298E-45,1.401298E-45,1.401298E-45,1.401298E-45,1.401298E-45,1.401298E-45,5.672735E-13,4.987758E-12,7.534359E-13,2.78866E-14,1.401298E-45,1.401298E-45,0.005432824,1.401298E-45,1.401298E-45,1.401298E-45,1.401298E-45,1.401298E-45,1.401298E-45,1.401298E-45,3.01952E-15,1.401298E-45,1.401298E-45,9.363133E-14,2.86133E-14,_,_,0,_,_
t,2024-01-03-10-28:12:6731,1,-1,-1,-1,71,71,Untagged,0.0001894015,0.006663958,1.401298E-45,1.401298E-45,0.06292718,0.0627765,1.401298E-45,1.401298E-45,1.401298E-45,1.401298E-45,5.245861E-20,1.401298E-45,0,0.05389419,4.730827E-17,0.05387354,0,0,0.2663372,0.1793291,0,0,0.0003973893,1.170766E-05,5.976198E-09,1.401298E-45,1.401298E-45,1.401298E-45,3.634909E-27,0.05033619,0.01086564,1.542388E-08,1.950713E-13,4.110355E-14,1.401298E-45,1.401298E-45,1.401298E-45,1.401298E-45,1.401298E-45,1.401298E-45,1.401298E-45,1.401298E-45,1.401298E-45,1.401298E-45,3.997989E-13,0.005898105,5.310015E-13,1.965384E-14,1.401298E-45,1.401298E-45,0.005432824,1.401298E-45,1.401298E-45,1.401298E-45,1.401298E-45,1.401298E-45,1.401298E-45,1.401298E-45,2.496621E-15,1.401298E-45,1.401298E-45,6.598914E-14,2.016603E-14,_,_,0,_,_
t,2024-01-03-10-28:12:7089,1,-1,-1,-1,71,71,Untagged,0.002570781,0.01088493,1.401298E-45,1.401298E-45,0.07066523,0.06390177,1.401298E-45,1.401298E-45,1.401298E-45,1.401298E-45,3.697183E-20,1.401298E-45,0,0.12156,3.334197E-17,0.1210527,0,0,0.2441491,0.1567601,0,0,0.0008597999,9.679413E-06,4.211266E-09,1.401298E-45,1.401298E-45,1.401298E-45,2.561814E-27,0.06896164,0.01086564,1.086896E-08,1.374819E-13,2.896896E-14,1.401298E-45,1.401298E-45,1.401298E-45,1.401298E-45,1.401298E-45,1.401298E-45,1.401298E-45,1.401298E-45,1.401298E-45,1.401298E-45,2.817687E-13,0.008447462,3.742374E-13,1.385163E-14,1.401298E-45,1.401298E-45,0.005432823,1.401298E-45,1.401298E-45,1.401298E-45,1.401298E-45,1.401298E-45,1.401298E-45,1.401298E-45,2.064278E-15,1.401298E-45,1.401298E-45,4.650776E-14,1.421262E-14,_,_,0,_,_
t,2024-01-03-10-28:12:7581,1,-1,-1,-1,71,71,Untagged,0.004338103,0.01387195,1.401298E-45,1.401298E-45,0.07367124,0.07131247,1.401298E-45,1.401298E-45,1.401298E-45,1.401298E-45,2.605677E-20,1.401298E-45,0,0.1301597,0.0002576715,0.129711,0,0,0.2434352,0.1562201,0,0,0.001231193,8.002611E-06,2.967613E-09,1.401298E-45,1.401298E-45,1.401298E-45,1.805499E-27,0.07375249,0.01086564,7.659282E-09,9.689325E-14,2.041654E-14,1.401298E-45,1.401298E-45,1.401298E-45,1.401298E-45,1.401298E-45,1.401298E-45,1.401298E-45,1.401298E-45,1.401298E-45,1.401298E-45,1.98582E-13,0.009621882,2.637513E-13,9.76225E-15,1.401298E-45,1.401298E-45,0.005432823,1.401298E-45,1.401298E-45,1.401298E-45,1.401298E-45,1.401298E-45,1.401298E-45,1.401298E-45,1.706794E-15,1.401298E-45,1.401298E-45,3.277737E-14,1.001668E-14,_,_,0,_,_
t,2024-01-03-10-28:12:7888,1,-1,-1,-1,71,71,TaskSelf_ETC,0.009450876,0.01603387,1.401298E-45,1.401298E-45,0.09589848,0.07405084,1.401298E-45,1.401298E-45,1.401298E-45,1.401298E-45,1.836427E-20,1.401298E-45,2.380461E-06,0.153147,0.03228322,0.1828068,0,0,0.2355368,0.1478602,0,0,0.001530915,6.616399E-06,2.091294E-09,1.401298E-45,1.401298E-45,1.401298E-45,1.272478E-27,0.06709896,0.01086564,5.397595E-09,0.005898152,1.438914E-14,1.401298E-45,1.401298E-45,1.401298E-45,1.401298E-45,1.401298E-45,1.401298E-45,1.401298E-45,1.401298E-45,1.401298E-45,1.401298E-45,0.005898147,0.01019452,0.005898149,6.880224E-15,1.401298E-45,1.401298E-45,0.005432822,1.401298E-45,1.401298E-45,1.401298E-45,1.401298E-45,1.401298E-45,1.401298E-45,1.401298E-45,1.411224E-15,1.401298E-45,1.401298E-45,2.310077E-14,7.059544E-15,_,_,0,_,_
t,2024-01-03-10-28:12:8259,1,-1,-1,-1,71,71,TaskSelf_ETC,0.005943037,0.02086769,1.401298E-45,1.401298E-45,0.1413987,0.1176501,1.401298E-45,1.401298E-45,1.401298E-45,1.401298E-45,9.121767E-21,1.401298E-45,8.232892E-06,0.2792621,0.0518855,0.3166382,0,0,0.2414581,0.1474656,0,0,0.001027835,4.522862E-06,1.038608E-09,1.401298E-45,1.401298E-45,1.401298E-45,6.320562E-28,0.08060752,0.01086564,2.680673E-09,0.00962191,7.14726E-15,1.401298E-45,1.401298E-45,1.401298E-45,1.401298E-45,1.401298E-45,1.401298E-45,1.401298E-45,1.401298E-45,1.401298E-45,1.401298E-45,0.009621907,0.01064566,0.009621908,3.417489E-15,1.401298E-45,1.401298E-45,0.005432822,1.401298E-45,1.401298E-45,1.401298E-45,1.401298E-45,0.005898147,1.401298E-45,1.401298E-45,9.647734E-16,1.401298E-45,1.401298E-45,1.147441E-14,3.506563E-15,_,_,0,_,_
t,2024-01-03-10-28:12:8683,1,-1,-1,-1,71,71,TaskSelf_ETC,0.006907691,0.02483391,1.401298E-45,1.401298E-45,0.1456836,0.1418268,1.401298E-45,1.401298E-45,1.401298E-45,1.401298E-45,6.428846E-21,1.401298E-45,0.0001812205,0.2935574,0.1154994,0.377986,0,0,0.3515202,0.2554342,0,0,0.0008441022,3.73951E-06,7.319478E-10,1.401298E-45,1.401298E-45,1.401298E-45,4.45461E-28,0.1137004,0.01086564,0.005897975,0.01019454,0.005898144,1.401298E-45,1.401298E-45,1.401298E-45,1.401298E-45,1.401298E-45,1.401298E-45,1.401298E-45,1.401298E-45,1.401298E-45,1.401298E-45,0.02132829,0.02130048,0.01019454,0.005898143,1.401298E-45,1.401298E-45,0.007120466,1.401298E-45,1.401298E-45,1.401298E-45,1.401298E-45,0.003800457,0.005898145,1.401298E-45,7.977023E-16,1.401298E-45,1.401298E-45,0.005898141,0.005898144,_,_,0,_,_
t,2024-01-03-10-28:12:9190,1,-1,-1,-1,71,71,TaskSelf_ETC,0.007654756,0.02453613,1.401298E-45,1.401298E-45,0.1464685,0.1332237,1.401298E-45,1.401298E-45,1.401298E-45,1.401298E-45,4.530929E-21,1.401298E-45,6.567687E-05,0.2534563,0.08978953,0.3282007,0,0,0.4024056,0.3063985,0,0,0.00121831,3.091852E-06,5.158377E-10,1.401298E-45,1.401298E-45,1.401298E-45,3.139525E-28,0.1008588,0.01086564,0.003800195,0.0104882,0.008447508,1.401298E-45,1.401298E-45,1.401298E-45,1.401298E-45,1.401298E-45,1.401298E-45,1.401298E-45,1.401298E-45,1.401298E-45,1.401298E-45,0.02502732,0.02488695,0.02137389,0.008447508,1.401298E-45,1.401298E-45,0.01026041,1.401298E-45,1.401298E-45,1.401298E-45,1.401298E-45,0.007464528,0.003800457,1.401298E-45,6.595632E-16,1.401298E-45,1.401298E-45,0.008447506,0.008447509,_,_,0,_,_
t,2024-01-03-10-28:12:9640,1,-1,-1,-1,71,71,TaskSelf_ETC,0.02745163,0.04016991,1.401298E-45,1.401298E-45,0.1438537,0.1417237,1.401298E-45,1.401298E-45,1.401298E-45,1.401298E-45,2.250579E-21,1.401298E-45,1.56723E-05,0.2155667,0.06211982,0.271177,0,0,0.3640175,0.2694968,0,0,0.001765086,0.0005448157,2.562053E-10,1.401298E-45,1.401298E-45,1.401298E-45,1.559448E-28,0.115421,0.01086564,0.006868076,0.01073348,0.02132828,1.401298E-45,1.401298E-45,1.401298E-45,1.401298E-45,1.401298E-45,1.401298E-45,1.401298E-45,1.401298E-45,1.401298E-45,1.401298E-45,0.02679563,0.03405871,0.02627949,0.02132828,1.401298E-45,1.401298E-45,0.01257491,1.401298E-45,1.401298E-45,1.401298E-45,1.401298E-45,0.002832305,0.001646326,1.401298E-45,4.509068E-16,1.401298E-45,1.401298E-45,0.02501058,0.02132828,_,_,0,_,_
t,2024-01-03-10-28:12:9978,1,-1,-1,-1,71,71,TaskSelf_ETC,0.04268139,0.06580853,1.401298E-45,1.401298E-45,0.1458496,0.145433,1.401298E-45,1.401298E-45,1.401298E-45,1.401298E-45,0.005898152,1.401298E-45,1.401827E-05,0.2457286,0.06014081,0.2960221,0,0,0.3640689,0.2699501,0,0,0.001964099,0.0009784199,1.805634E-10,1.401298E-45,1.401298E-45,1.401298E-45,1.099068E-28,0.1345378,0.01086564,0.008845666,0.01078416,0.01749416,1.401298E-45,1.401298E-45,1.401298E-45,1.401298E-45,1.401298E-45,1.401298E-45,1.401298E-45,1.401298E-45,1.401298E-45,1.401298E-45,0.03419441,0.03656321,0.026775,0.02502733,1.401298E-45,1.401298E-45,0.01299529,1.401298E-45,1.401298E-45,1.401298E-45,1.401298E-45,0.00691646,0.0065007,1.401298E-45,3.728225E-16,1.401298E-45,1.401298E-45,0.02632488,0.02502733,_,_,0,_,_
t,2024-01-03-10-28:13:0423,1,-1,-1,-1,71,71,TaskSelf_ETC,0.06770756,0.09698899,1.401298E-45,1.401298E-45,0.1779388,0.17839,1.401298E-45,1.401298E-45,1.401298E-45,1.401298E-45,0.003800374,1.401298E-45,3.746152E-05,0.3283484,0.07656447,0.3734428,0,0,0.5436004,0.4522789,0,0,0.004935211,0.004247959,1.272522E-10,1.401298E-45,1.401298E-45,1.401298E-45,7.745869E-29,0.1779594,0.01086564,0.009792368,0.01081429,0.01513981,1.401298E-45,1.401298E-45,1.401298E-45,1.401298E-45,1.401298E-45,1.401298E-45,1.401298E-45,1.401298E-45,1.401298E-45,1.401298E-45,0.0308659,0.03743951,0.02698105,0.02631075,1.401298E-45,1.401298E-45,0.01322964,1.401298E-45,1.401298E-45,1.401298E-45,1.401298E-45,0.00881697,0.008674554,1.401298E-45,3.082568E-16,1.401298E-45,1.401298E-45,0.02680963,0.0203918,_,_,0,_,_
t,2024-01-03-10-28:13:1061,1,-1,-1,-1,71,71,TaskSelf_ETC,0.08402701,0.1195268,1.401298E-45,1.401298E-45,0.1599429,0.1539134,1.401298E-45,1.401298E-45,1.401298E-45,1.401298E-45,0.001646277,1.401298E-45,1.519918E-06,0.2416693,0.03423191,0.2692731,0,0,0.5680266,0.4775577,0,0,0.01842966,0.008352659,6.320532E-11,1.401298E-45,1.401298E-45,1.401298E-45,3.847454E-29,0.1500413,0.01086564,0.01052242,0.01084415,0.0127193,1.401298E-45,1.401298E-45,1.401298E-45,1.401298E-45,1.401298E-45,1.401298E-45,1.401298E-45,1.401298E-45,1.401298E-45,1.401298E-45,0.02833083,0.04931182,0.02711606,0.03419448,1.401298E-45,1.401298E-45,0.01344518,1.401298E-45,1.401298E-45,1.401298E-45,1.401298E-45,0.005301178,0.00540683,1.401298E-45,2.10737E-16,1.401298E-45,1.401298E-45,0.02708628,0.02326784,_,_,0,_,_
t,2024-01-03-10-28:13:1426,1,-1,-1,-1,71,71,TaskSelf_ETC,0.08014507,0.1126614,1.401298E-45,1.401298E-45,0.1584913,0.1645132,1.401298E-45,1.401298E-45,1.401298E-45,1.401298E-45,0.006500655,0.005898124,7.264316E-07,0.2154461,0.02825096,0.2395631,0,0,0.5333667,0.4429385,0,0,0.01770802,0.007286812,4.454543E-11,1.401298E-45,1.401298E-45,1.401298E-45,2.711618E-29,0.1388091,0.01086564,0.01066143,0.02104362,0.02170527,1.401298E-45,1.401298E-45,1.401298E-45,1.401298E-45,1.401298E-45,1.401298E-45,1.401298E-45,1.401298E-45,1.401298E-45,1.401298E-45,0.03408515,0.05264165,0.02713768,0.03086608,1.401298E-45,1.401298E-45,0.0134942,1.401298E-45,1.401298E-45,1.401298E-45,1.401298E-45,0.003000618,0.007955752,1.401298E-45,1.742437E-16,1.401298E-45,1.401298E-45,0.0271243,0.02549453,_,_,0,_,_
t,2024-01-03-10-28:13:1754,1,-1,-1,-1,71,71,TaskSelf_ETC,0.07729015,0.1016229,1.401298E-45,1.401298E-45,0.1541507,0.156699,1.401298E-45,1.401298E-45,1.401298E-45,1.401298E-45,0.00402728,0.003800436,2.793968E-09,0.1923805,0.006836316,0.1973112,0,0,0.4804707,0.3899498,0,0,0.01712256,0.00644426,3.139437E-11,1.401298E-45,1.401298E-45,1.401298E-45,1.911093E-29,0.1321879,0.01086564,0.01074077,0.02466639,0.02492102,1.401298E-45,1.401298E-45,1.401298E-45,1.401298E-45,1.401298E-45,1.401298E-45,1.401298E-45,1.401298E-45,1.401298E-45,1.401298E-45,0.03629869,0.04744293,0.027149,0.02920271,1.401298E-45,1.401298E-45,0.01352478,1.401298E-45,1.401298E-45,1.401298E-45,1.401298E-45,0.001758374,0.004396834,1.401298E-45,1.440695E-16,1.401298E-45,1.401298E-45,0.02714273,0.02639659,_,_,0,_,_
t,2024-01-03-10-28:13:2130,1,-1,-1,-1,71,71,TaskSelf_ETC,0.07280733,0.09366105,1.401298E-45,1.401298E-45,0.156087,0.1572088,1.401298E-45,1.401298E-45,1.401298E-45,1.401298E-45,0.002548368,0.002485712,1.061708E-07,0.189547,0.0172075,0.2044991,0,0,0.422364,0.3312955,0,0,0.01664607,0.005773335,2.212594E-11,1.401298E-45,1.401298E-45,1.401298E-45,1.346901E-29,0.1049001,0.01086564,0.01078749,0.02606466,0.02617067,1.401298E-45,1.401298E-45,1.401298E-45,1.401298E-45,1.401298E-45,1.401298E-45,1.401298E-45,1.401298E-45,1.401298E-45,1.401298E-45,0.0333511,0.04418547,0.02715518,0.0283309,1.401298E-45,1.401298E-45,0.01354422,1.401298E-45,1.401298E-45,1.401298E-45,1.401298E-45,0.001061391,0.007396068,1.401298E-45,1.191207E-16,1.401298E-45,1.401298E-45,0.02715214,0.02678866,_,_,0,_,_
t,2024-01-03-10-28:13:2735,1,-1,-1,-1,71,71,TaskSelf_ETC,0.0795284,0.1031823,1.401298E-45,1.401298E-45,0.1793551,0.167106,1.401298E-45,1.401298E-45,1.401298E-45,1.401298E-45,0.004100319,0.006500687,5.718321E-07,0.3192983,0.02690553,0.3295489,0,0,0.5989251,0.5088485,0,0,0.01593919,0.006767724,1.099001E-11,1.401298E-45,1.401298E-45,1.401298E-45,6.69018E-30,0.134759,0.01086564,0.01083328,0.0188017,0.01539757,1.401298E-45,1.401298E-45,1.401298E-45,1.401298E-45,1.401298E-45,1.401298E-45,1.401298E-45,1.401298E-45,1.401298E-45,1.401298E-45,0.03005735,0.0461235,0.02716073,0.03174695,1.401298E-45,1.401298E-45,0.01356503,1.401298E-45,1.401298E-45,1.401298E-45,1.401298E-45,0.008262263,0.009739304,1.401298E-45,8.143571E-17,1.401298E-45,1.401298E-45,0.02715994,0.02705908,_,_,0,_,_
t,2024-01-03-10-28:13:3143,1,-1,-1,-1,71,71,TaskSelf_ETC,0.0813162,0.1055516,1.401298E-45,1.401298E-45,0.1732679,0.162922,1.401298E-45,1.401298E-45,1.401298E-45,1.401298E-45,0.002530778,0.004027302,5.103648E-07,0.2557512,0.02612986,0.274716,0,0,0.5989251,0.5088485,0,0,0.0156786,0.008442173,7.745503E-12,1.401298E-45,1.401298E-45,1.401298E-45,4.715105E-30,0.1373801,0.01086564,0.01084435,0.01506492,0.01348123,1.401298E-45,1.401298E-45,1.401298E-45,1.401298E-45,1.401298E-45,1.401298E-45,1.401298E-45,1.401298E-45,1.401298E-45,1.401298E-45,0.02915752,0.04334902,0.02716196,0.03023075,1.401298E-45,1.401298E-45,0.01357049,1.401298E-45,1.401298E-45,1.401298E-45,1.401298E-45,0.004599332,0.01019149,1.401298E-45,6.733334E-17,1.401298E-45,1.401298E-45,0.02716155,0.02710485,_,_,0,_,_
t,2024-01-03-10-28:13:3495,1,-1,-1,-1,71,71,TaskSelf_ETC,0.07864346,0.1016253,1.401298E-45,1.401298E-45,0.168057,0.1552788,1.401298E-45,1.401298E-45,1.401298E-45,1.401298E-45,0.001596368,0.007490213,5.140901E-07,0.1955262,0.02577417,0.2184612,0,0,0.5309434,0.4407713,0,0,0.01546474,0.007338183,5.458815E-12,1.401298E-45,1.401298E-45,1.401298E-45,3.323088E-30,0.1298663,0.01086564,0.01085147,0.01318784,0.01242408,1.401298E-45,1.401298E-45,1.401298E-45,1.401298E-45,1.401298E-45,1.401298E-45,1.401298E-45,1.401298E-45,1.401298E-45,1.401298E-45,0.02854288,0.04156693,0.02716272,0.02923428,1.401298E-45,1.401298E-45,0.01357415,1.401298E-45,1.401298E-45,1.401298E-45,1.401298E-45,0.002656969,0.005149468,1.401298E-45,5.567286E-17,1.401298E-45,1.401298E-45,0.01765474,0.01799024,_,_,0,_,_
t,2024-01-03-10-28:13:3906,1,-1,-1,-1,71,71,TaskSelf_ETC,0.07651661,0.09180432,1.401298E-45,1.401298E-45,0.1682477,0.1562878,1.401298E-45,1.401298E-45,1.401298E-45,1.401298E-45,0.001025605,0.004443978,4.656613E-09,0.2034943,0.007737732,0.2088475,0,0,0.4824562,0.3917412,0,0,0.015289,0.00886516,3.847221E-12,1.401298E-45,1.401298E-45,1.401298E-45,2.342028E-30,0.1352088,0.01086564,0.01085612,0.01219956,0.01181975,1.401298E-45,1.401298E-45,1.401298E-45,1.401298E-45,1.401298E-45,1.401298E-45,1.401298E-45,1.401298E-45,1.401298E-45,1.401298E-45,0.02812084,0.04040512,0.0271632,0.02857188,1.401298E-45,1.401298E-45,0.01357663,1.401298E-45,1.401298E-45,1.401298E-45,1.401298E-45,0.001584369,0.002736001,1.401298E-45,4.603168E-17,1.401298E-45,1.401298E-45,0.02176156,0.02223245,_,_,0,_,_
t,2024-01-03-10-28:13:4446,1,-1,-1,-1,71,71,TaskSelf_ETC,0.06402619,0.08119846,1.401298E-45,1.401298E-45,0.1663522,0.1543822,1.401298E-45,1.401298E-45,1.401298E-45,1.401298E-45,0.005994583,0.001693127,1.164153E-10,0.1910788,0.001337738,0.1907018,0,0,0.4460368,0.3555653,0,0,0.0127957,0.009102932,1.910961E-12,1.401298E-45,1.401298E-45,1.401298E-45,1.16332E-30,0.1259098,0.01086564,0.007258145,0.01619967,0.01124744,1.401298E-45,1.401298E-45,1.401298E-45,1.401298E-45,1.401298E-45,1.401298E-45,1.401298E-45,1.401298E-45,1.401298E-45,1.401298E-45,0.02762828,0.03912616,0.0173862,0.02782646,1.401298E-45,1.401298E-45,0.01357946,1.401298E-45,1.401298E-45,1.401298E-45,1.401298E-45,0.0006084336,0.0008748883,1.401298E-45,3.14693E-17,1.401298E-45,1.401298E-45,0.0252418,0.01682788,_,_,0,_,_
t,2024-01-03-10-28:13:4915,1,-1,-1,-1,71,71,TaskSelf_ETC,0.06195006,0.0777605,1.401298E-45,1.401298E-45,0.1673458,0.1557337,1.401298E-45,1.401298E-45,1.401298E-45,1.401298E-45,0.00840112,0.006361926,0,0.1694401,0.00100319,0.1693962,0,0,0.4276597,0.3368893,0,0,0.01310193,0.0102049,1.34681E-12,1.401298E-45,1.401298E-45,1.401298E-45,8.198878E-31,0.1336562,0.01086564,0.008564941,0.02223521,0.02066834,1.401298E-45,1.401298E-45,1.401298E-45,1.401298E-45,1.401298E-45,1.401298E-45,1.401298E-45,1.401298E-45,1.401298E-45,1.401298E-45,0.02748838,0.03878145,0.01368558,0.02762151,1.401298E-45,1.401298E-45,0.01358025,1.401298E-45,1.401298E-45,1.401298E-45,1.401298E-45,0.0003888348,0.0005205483,1.401298E-45,2.601977E-17,1.401298E-45,1.401298E-45,0.02597144,0.0216306,_,_,0,_,_
t,2024-01-03-10-28:13:5255,1,-1,-1,-1,71,71,TaskSelf_ETC,0.06890711,0.07530037,1.401298E-45,1.401298E-45,0.1789102,0.1632522,1.401298E-45,1.401298E-45,1.401298E-45,1.401298E-45,0.009554668,0.008531721,5.820766E-11,0.1660728,0.0008833483,0.1660164,0,0,0.4183571,0.3270702,0,0,0.01810578,0.01105723,9.492063E-13,1.401298E-45,1.401298E-45,1.401298E-45,5.778424E-31,0.1277363,0.01086564,0.00937379,0.03249456,0.03231908,1.401298E-45,1.401298E-45,1.401298E-45,1.401298E-45,1.401298E-45,1.401298E-45,1.401298E-45,1.401298E-45,1.401298E-45,1.401298E-45,0.02739099,0.03854756,0.01217262,0.02748109,1.401298E-45,1.401298E-45,0.0135808,1.401298E-45,1.401298E-45,1.401298E-45,1.401298E-45,0.0002525721,0.0003183067,1.401298E-45,2.151392E-17,1.401298E-45,1.401298E-45,0.02640848,0.02407306,_,_,0,_,_
t,2024-01-03-10-28:13:5635,1,-1,-1,-1,71,71,TaskSelf_ETC,0.05768451,0.06556111,1.401298E-45,1.401298E-45,0.1567191,0.1536147,1.401298E-45,1.401298E-45,1.401298E-45,1.401298E-45,0.003041886,0.002834989,0,0.1521868,0.0001770146,0.1517139,0,0,0.3720647,0.2802075,0,0,0.01690174,0.01224903,4.714847E-13,1.401298E-45,1.401298E-45,1.401298E-45,2.870234E-31,0.1331277,0.01086564,0.01021306,0.01582069,0.01651575,1.401298E-45,1.401298E-45,1.401298E-45,1.401298E-45,1.401298E-45,1.401298E-45,1.401298E-45,1.401298E-45,1.401298E-45,1.401298E-45,0.02727557,0.03428661,0.01958889,0.02731759,1.401298E-45,1.401298E-45,0.01358144,1.401298E-45,1.401298E-45,1.401298E-45,1.401298E-45,0.0001107789,0.0001271348,1.401298E-45,1.470789E-17,1.401298E-45,1.401298E-45,0.02141733,0.0136191,_,_,0,_,_
t,2024-01-03-10-28:13:6198,1,-1,-1,-1,71,71,TaskSelf_ETC,0.05134791,0.05578532,1.401298E-45,1.401298E-45,0.1570943,0.1551105,1.401298E-45,1.401298E-45,1.401298E-45,1.401298E-45,0.00679639,0.006749009,0,0.1620091,8.720192E-05,0.1612222,0,0,0.3647655,0.2735436,0,0,0.01646367,0.01019249,3.322864E-13,1.401298E-45,1.401298E-45,1.401298E-45,2.022846E-31,0.1274015,0.01086564,0.01042726,0.03020326,0.03072006,1.401298E-45,1.401298E-45,1.401298E-45,1.401298E-45,1.401298E-45,1.401298E-45,1.401298E-45,1.401298E-45,1.401298E-45,1.401298E-45,0.02724234,0.0355515,0.01514988,0.02727125,1.401298E-45,1.401298E-45,0.01358163,1.401298E-45,1.401298E-45,1.401298E-45,1.401298E-45,7.449346E-05,8.248603E-05,1.401298E-45,1.216077E-17,1.401298E-45,1.401298E-45,0.02373141,0.02036946,_,_,0,_,_
t,2024-01-03-10-28:13:6555,1,-1,-1,-1,71,71,TaskSelf_ETC,0.04712656,0.0579786,1.401298E-45,1.401298E-45,0.1755342,0.1627489,1.401298E-45,1.401298E-45,1.401298E-45,1.401298E-45,0.008648491,0.008650741,3.637979E-12,0.1521023,4.532202E-05,0.1514633,0,0,0.363597,0.2725177,0,0,0.01610656,0.008642946,2.341899E-13,1.401298E-45,1.401298E-45,1.401298E-45,1.425669E-31,0.1340614,0.01086564,0.01056874,0.03501011,0.03530135,1.401298E-45,1.401298E-45,1.401298E-45,1.401298E-45,1.401298E-45,1.401298E-45,1.401298E-45,1.401298E-45,1.401298E-45,1.401298E-45,0.02721906,0.04723516,0.02133555,0.03313643,1.401298E-45,1.401298E-45,0.01358175,1.401298E-45,1.401298E-45,1.401298E-45,1.401298E-45,5.049551E-05,5.42652E-05,1.401298E-45,1.005489E-17,1.401298E-45,1.401298E-45,0.02505801,0.02357648,_,_,0,_,_
t,2024-01-03-10-28:13:6951,1,-1,-1,-1,71,71,TaskSelf_ETC,0.06648392,0.07510199,1.401298E-45,1.401298E-45,0.1782726,0.165123,1.401298E-45,1.401298E-45,1.401298E-45,1.401298E-45,0.01012754,0.01014299,9.685755E-08,0.1807238,0.01665151,0.1954118,0,0,0.5022483,0.4131089,0,0,0.01904549,0.01074524,1.163259E-13,1.401298E-45,1.401298E-45,1.401298E-45,7.081532E-32,0.1285731,0.01086564,0.01072681,0.03138109,0.03170375,1.401298E-45,1.401298E-45,1.401298E-45,1.401298E-45,1.401298E-45,1.401298E-45,1.401298E-45,1.401298E-45,1.401298E-45,1.401298E-45,0.02719126,0.0501048,0.021737,0.03467531,1.401298E-45,1.401298E-45,0.01358191,1.401298E-45,1.401298E-45,1.401298E-45,1.401298E-45,2.364199E-05,2.427044E-05,1.401298E-45,6.873988E-18,1.401298E-45,1.401298E-45,0.02127681,0.02602838,_,_,0,_,_
t,2024-01-03-10-28:13:7365,1,-1,-1,-1,71,71,TaskSelf_ETC,0.06665817,0.08208633,1.401298E-45,1.401298E-45,0.1752626,0.1668134,1.401298E-45,1.401298E-45,1.401298E-45,1.401298E-45,0.01041948,0.01043226,8.381903E-09,0.2333264,0.008858132,0.2377139,0,0,0.5340806,0.4453648,0,0,0.01817593,0.01146654,8.198348E-14,1.401298E-45,1.401298E-45,1.401298E-45,4.990883E-32,0.1342265,0.01086564,0.01076999,0.01940678,0.019723,1.401298E-45,1.401298E-45,1.401298E-45,1.401298E-45,1.401298E-45,1.401298E-45,1.401298E-45,1.401298E-45,1.401298E-45,1.401298E-45,0.02718321,0.05247445,0.02437679,0.03632673,1.401298E-45,1.401298E-45,0.01358195,1.401298E-45,1.401298E-45,1.401298E-45,1.401298E-45,1.629627E-05,1.644241E-05,1.401298E-45,5.683581E-18,1.401298E-45,1.401298E-45,0.02370754,0.02649105,_,_,0,_,_
t,2024-01-03-10-28:13:7941,1,-1,-1,-1,71,71,TaskSelf_ETC,0.06076021,0.07931639,1.401298E-45,1.401298E-45,0.1647453,0.1609906,1.401298E-45,1.401298E-45,1.401298E-45,1.401298E-45,0.01069062,0.005253699,0,0.2139028,0.002925987,0.2139363,0,0,0.5191703,0.4303982,0,0,0.01692471,0.01249227,4.072224E-14,1.401298E-45,1.401298E-45,1.401298E-45,2.479037E-32,0.1281704,0.01086564,0.01081974,0.02456952,0.02477899,1.401298E-45,1.401298E-45,1.401298E-45,1.401298E-45,1.401298E-45,1.401298E-45,1.401298E-45,1.401298E-45,1.401298E-45,1.401298E-45,0.02717357,0.04580567,0.01755934,0.03266281,1.401298E-45,1.401298E-45,0.013582,1.401298E-45,1.401298E-45,1.401298E-45,1.401298E-45,7.826827E-06,0.003642954,1.401298E-45,3.885542E-18,1.401298E-45,1.401298E-45,0.02586868,0.02690814,_,_,0,_,_
t,2024-01-03-10-28:13:8311,1,-1,-1,-1,71,71,TaskSelf_ETC,0.05950363,0.07238721,1.401298E-45,1.401298E-45,0.1390558,0.1391152,1.401298E-45,1.401298E-45,1.401298E-45,1.401298E-45,0.005204059,0.007549802,0,0.2110132,0.002035405,0.2103416,0,0,0.5006904,0.4116853,0,0,0.01647519,0.01035094,2.870017E-14,1.401298E-45,1.401298E-45,1.401298E-45,1.747173E-32,0.1245078,0.01086564,0.00498848,0.01672395,0.01688524,1.401298E-45,1.401298E-45,1.401298E-45,1.401298E-45,1.401298E-45,1.401298E-45,1.401298E-45,1.401298E-45,1.401298E-45,1.401298E-45,0.01720338,0.04215226,0.01409397,0.03031895,1.401298E-45,1.401298E-45,0.01358202,1.401298E-45,1.401298E-45,1.401298E-45,1.401298E-45,5.447032E-06,0.002333359,1.401298E-45,3.212672E-18,1.401298E-45,1.401298E-45,0.0170887,0.0174953,_,_,0,_,_
t,2024-01-03-10-28:13:8749,1,-1,-1,-1,71,71,TaskSelf_ETC,0.07303047,0.07570439,1.401298E-45,1.401298E-45,0.1537691,0.1461286,1.401298E-45,1.401298E-45,1.401298E-45,1.401298E-45,0.007459151,0.00885005,0,0.1996854,0.001540319,0.1990758,0,0,0.4984109,0.4093832,0,0,0.02037361,0.01114804,2.02272E-14,1.401298E-45,1.401298E-45,1.401298E-45,1.231367E-32,0.132397,0.01086564,0.007115522,0.01355312,0.01365662,1.401298E-45,1.401298E-45,1.401298E-45,1.401298E-45,1.401298E-45,1.401298E-45,1.401298E-45,1.401298E-45,1.401298E-45,1.401298E-45,0.02100496,0.04875622,0.02072692,0.0340125,1.401298E-45,1.401298E-45,0.01358203,1.401298E-45,1.401298E-45,1.401298E-45,1.401298E-45,3.799063E-06,0.00151852,1.401298E-45,2.65632E-18,1.401298E-45,1.401298E-45,0.01364491,0.02162009,_,_,0,_,_
t,2024-01-03-10-28:13:9100,1,-1,-1,-1,71,71,TaskSelf_ETC,0.06871333,0.06994072,1.401298E-45,1.401298E-45,0.1553309,0.146411,1.401298E-45,1.401298E-45,1.401298E-45,1.401298E-45,0.008762735,0.009610541,0,0.1738659,0.001255381,0.1738685,0,0,0.4926107,0.4037887,0,0,0.02313673,0.01177903,1.425567E-14,1.401298E-45,1.401298E-45,1.401298E-45,8.678396E-33,0.126508,0.01086564,0.008432883,0.01217784,0.01224118,1.401298E-45,1.401298E-45,1.401298E-45,1.401298E-45,1.401298E-45,1.401298E-45,1.401298E-45,1.401298E-45,1.401298E-45,1.401298E-45,0.023273,0.05161348,0.02381925,0.03583782,1.401298E-45,1.401298E-45,0.01358204,1.401298E-45,1.401298E-45,1.401298E-45,1.401298E-45,2.654456E-06,0.001001521,1.401298E-45,2.196315E-18,1.401298E-45,1.401298E-45,0.02002405,0.02387916,_,_,0,_,_
t,2024-01-03-10-28:13:9677,1,-1,-1,-1,71,71,TaskSelf_ETC,0.0565985,0.06567311,1.401298E-45,1.401298E-45,0.1666478,0.1527635,1.401298E-45,1.401298E-45,1.401298E-45,1.401298E-45,0.01001319,0.01034996,0,0.1934248,0.0006720523,0.1921091,0,0,0.473406,0.3848542,0,0,0.01657203,0.01018674,7.08093E-15,1.401298E-45,1.401298E-45,1.401298E-45,4.310643E-33,0.1037223,0.01086564,0.009800768,0.02810283,0.02813634,1.401298E-45,1.401298E-45,1.401298E-45,1.401298E-45,1.401298E-45,1.401298E-45,1.401298E-45,1.401298E-45,1.401298E-45,1.401298E-45,0.03221588,0.05357373,0.02192855,0.03729839,1.401298E-45,1.401298E-45,0.01610815,1.401298E-45,1.401298E-45,1.401298E-45,1.401298E-45,1.301379E-06,0.0004496786,1.401298E-45,1.50149E-18,1.401298E-45,1.401298E-45,0.03213444,0.03260312,_,_,0,_,_
t,2024-01-03-10-28:14:0036,1,-1,-1,-1,71,71,TaskSelf_ETC,0.05074134,0.05607681,1.401298E-45,1.401298E-45,0.1624561,0.1546035,1.401298E-45,1.401298E-45,1.401298E-45,1.401298E-45,0.01030939,0.0105274,0,0.1585584,0.0004247434,0.1580935,0,0,0.432373,0.3432599,0,0,0.01617892,0.008617631,4.990504E-15,1.401298E-45,1.401298E-45,1.401298E-45,3.038059E-33,0.09667281,0.01086564,0.01015009,0.02770322,0.01858111,1.401298E-45,1.401298E-45,1.401298E-45,1.401298E-45,1.401298E-45,1.401298E-45,1.401298E-45,1.401298E-45,1.401298E-45,1.401298E-45,0.03062597,0.05390364,0.02436394,0.03758725,1.401298E-45,1.401298E-45,0.01525922,1.401298E-45,1.401298E-45,1.401298E-45,1.401298E-45,9.127095E-07,0.0003050957,1.401298E-45,1.241475E-18,1.401298E-45,1.401298E-45,0.03036244,0.03557005,_,_,0,_,_
t,2024-01-03-10-28:14:0423,1,-1,-1,-1,71,71,TaskSelf_ETC,0.04678726,0.05000863,1.401298E-45,1.401298E-45,0.1528761,0.1506101,1.401298E-45,1.401298E-45,1.401298E-45,1.401298E-45,0.01049795,0.01064109,0,0.218529,0.000273329,0.2155726,0,0,0.4260226,0.3367962,0,0,0.01586299,0.00742463,3.517211E-15,1.401298E-45,1.401298E-45,1.401298E-45,2.141166E-33,0.1242444,0.01086564,0.01038092,0.0181703,0.01454576,1.401298E-45,1.401298E-45,1.401298E-45,1.401298E-45,1.401298E-45,1.401298E-45,1.401298E-45,1.401298E-45,1.401298E-45,1.401298E-45,0.02954787,0.04500589,0.02560122,0.03239155,1.401298E-45,1.401298E-45,0.01470687,1.401298E-45,1.401298E-45,1.401298E-45,1.401298E-45,6.406615E-07,0.0002083464,1.401298E-45,1.026488E-18,1.401298E-45,1.401298E-45,0.02925366,0.03263546,_,_,0,_,_
t,2024-01-03-10-28:14:0874,1,-1,-1,-1,71,71,TaskSelf_ETC,0.04404122,0.05091368,1.401298E-45,1.401298E-45,0.1493177,0.1487363,1.401298E-45,1.401298E-45,1.401298E-45,1.401298E-45,0.02087328,0.01071506,1.455192E-11,0.1814539,0.0001785788,0.180115,0,0,0.3967227,0.3070989,0,0,0.01560787,0.00650565,2.478852E-15,1.401298E-45,1.401298E-45,1.401298E-45,1.509046E-33,0.1231636,0.01086564,0.01053506,0.0222732,0.02089038,1.401298E-45,1.401298E-45,1.401298E-45,1.401298E-45,1.401298E-45,1.401298E-45,1.401298E-45,1.401298E-45,1.401298E-45,1.401298E-45,0.02881206,0.04932523,0.02625919,0.0347362,1.401298E-45,1.401298E-45,0.0165439,1.401298E-45,1.401298E-45,1.401298E-45,1.401298E-45,4.500146E-07,0.0001430462,1.401298E-45,8.48727E-19,1.401298E-45,1.401298E-45,0.02854674,0.03544904,_,_,0,_,_
t,2024-01-03-10-28:14:1541,1,-1,-1,-1,71,71,TaskSelf_ETC,0.04272462,0.04970442,1.401298E-45,1.401298E-45,0.1600431,0.1558156,1.401298E-45,1.401298E-45,1.401298E-45,1.401298E-45,0.003505611,0.002500553,0,0.1591297,5.332568E-05,0.1583024,0,0,0.3792635,0.289291,0,0,0.01509562,0.004780452,8.67785E-16,1.401298E-45,1.401298E-45,1.401298E-45,5.282799E-34,0.1143182,0.01086564,0.004956753,0.01364011,0.01217339,1.401298E-45,1.401298E-45,1.401298E-45,1.401298E-45,1.401298E-45,1.401298E-45,1.401298E-45,1.401298E-45,1.401298E-45,1.401298E-45,0.02771833,0.04879464,0.01752574,0.03323342,1.401298E-45,1.401298E-45,0.01443251,1.401298E-45,1.401298E-45,1.401298E-45,1.401298E-45,1.564475E-07,4.742032E-05,1.401298E-45,4.797492E-19,1.401298E-45,1.401298E-45,0.02151849,0.02919741,_,_,0,_,_
t,2024-01-03-10-28:14:1937,1,-1,-1,-1,71,71,TaskSelf_ETC,0.04272462,0.04970442,1.401298E-45,1.401298E-45,0.1600431,0.1558156,1.401298E-45,1.401298E-45,1.401298E-45,1.401298E-45,0.003505611,0.002500553,0,0.1591297,5.332568E-05,0.1583024,0,0,0.3792635,0.289291,0,0,0.01509562,0.004780452,8.67785E-16,1.401298E-45,1.401298E-45,1.401298E-45,5.282799E-34,0.1143182,0.01086564,0.004956753,0.01364011,0.01217339,1.401298E-45,1.401298E-45,1.401298E-45,1.401298E-45,1.401298E-45,1.401298E-45,1.401298E-45,1.401298E-45,1.401298E-45,1.401298E-45,0.02771833,0.04879464,0.01752574,0.03323342,1.401298E-45,1.401298E-45,0.01443251,1.401298E-45,1.401298E-45,1.401298E-45,1.401298E-45,1.564475E-07,4.742032E-05,1.401298E-45,4.797492E-19,1.401298E-45,1.401298E-45,0.02151849,0.02919741,_,_,0,_,_
t,2024-01-03-10-28:14:2343,1,-1,-1,-1,71,71,TaskSelf_ETC,0.04736699,0.05456274,1.401298E-45,1.401298E-45,0.1619989,0.153909,1.401298E-45,1.401298E-45,1.401298E-45,1.401298E-45,0.01603738,0.007872026,0,0.1807926,0.0002666428,0.1795775,0,0,0.4173169,0.3278229,0,0,0.01489155,0.008527633,4.310439E-16,1.401298E-45,1.401298E-45,1.401298E-45,0.007025347,0.1269959,0.01086564,0.008439476,0.02353585,0.0202804,1.401298E-45,1.401298E-45,1.401298E-45,1.401298E-45,1.401298E-45,1.401298E-45,1.401298E-45,1.401298E-45,1.401298E-45,1.401298E-45,0.02743489,0.05253994,0.02395311,0.0364222,1.401298E-45,1.401298E-45,0.013971,1.401298E-45,1.401298E-45,1.401298E-45,1.401298E-45,7.748813E-08,2.303036E-05,1.401298E-45,3.27979E-19,1.401298E-45,1.401298E-45,0.02988927,0.0311552,_,_,0,_,_
t,2024-01-03-10-28:14:2746,1,-1,-1,-1,71,71,TaskSelf_ETC,0.06705425,0.06436673,1.401298E-45,1.401298E-45,0.1604284,0.1553675,1.401298E-45,1.401298E-45,1.401298E-45,1.401298E-45,0.007164167,0.00393978,1.229346E-07,0.1699726,0.01747198,0.1857973,0,0,0.4763356,0.3872449,0,0,0.01925997,0.009753197,3.037881E-16,1.401298E-45,1.401298E-45,1.401298E-45,0.009914925,0.1349572,0.01086564,0.009274732,0.01665608,0.01588769,1.401298E-45,1.401298E-45,1.401298E-45,1.401298E-45,1.401298E-45,1.401298E-45,1.401298E-45,1.401298E-45,1.401298E-45,1.401298E-45,0.02735377,0.05325979,0.02522258,0.03705544,1.401298E-45,1.401298E-45,0.01384779,1.401298E-45,1.401298E-45,1.401298E-45,1.401298E-45,5.455309E-08,1.609487E-05,1.401298E-45,2.711807E-19,1.401298E-45,1.401298E-45,0.02904194,0.0296409,_,_,0,_,_
t,2024-01-03-10-28:14:3347,1,-1,-1,-1,71,71,TaskSelf_ETC,0.05249224,0.06076808,1.401298E-45,1.401298E-45,0.1588054,0.151406,1.401298E-45,1.401298E-45,1.401298E-45,1.401298E-45,0.00628759,0.008421154,1.396984E-09,0.1969941,0.00614065,0.2008547,0,0,0.4997611,0.4110317,0,0,0.01760755,0.00722406,1.508941E-16,1.401298E-45,1.401298E-45,1.401298E-45,0.003542913,0.1273488,0.01086564,0.006896251,0.01593457,0.01664803,1.401298E-45,1.401298E-45,1.401298E-45,1.401298E-45,1.401298E-45,1.401298E-45,1.401298E-45,1.401298E-45,1.401298E-45,1.401298E-45,0.02725744,0.04455472,0.02139757,0.02977689,1.401298E-45,1.401298E-45,0.01469513,1.401298E-45,1.401298E-45,1.401298E-45,1.401298E-45,2.705317E-08,7.893161E-06,1.401298E-45,1.853898E-19,1.401298E-45,1.401298E-45,0.02806556,0.02817639,_,_,0,_,_
t,2024-01-03-10-28:14:3772,1,-1,-1,-1,71,71,TaskSelf_ETC,0.05293372,0.05956248,1.401298E-45,1.401298E-45,0.1520507,0.1491526,1.401298E-45,1.401298E-45,1.401298E-45,1.401298E-45,0.00312,0.009353765,4.656613E-10,0.1583823,0.00411947,0.1615755,0,0,0.4948274,0.4060424,0,0,0.0170224,0.006366743,1.063473E-16,1.401298E-45,1.401298E-45,1.401298E-45,0.002201797,0.1253453,0.01086564,0.003418508,0.0133766,0.01400559,1.401298E-45,1.401298E-45,1.401298E-45,1.401298E-45,1.401298E-45,1.401298E-45,1.401298E-45,1.401298E-45,1.401298E-45,1.401298E-45,0.02722965,0.04878312,0.02380509,0.03342586,1.401298E-45,1.401298E-45,0.01433543,1.401298E-45,1.401298E-45,1.401298E-45,1.401298E-45,1.905502E-08,5.536448E-06,1.401298E-45,1.532857E-19,1.401298E-45,1.401298E-45,0.01760198,0.02782673,_,_,0,_,_
t,2024-01-03-10-28:14:4138,1,-1,-1,-1,71,71,TaskSelf_ETC,0.04864514,0.05281904,1.401298E-45,1.401298E-45,0.1611789,0.1480355,1.401298E-45,1.401298E-45,1.401298E-45,1.401298E-45,0.006293899,0.009910312,2.328306E-10,0.19293,0.002523449,0.1935468,0,0,0.4930697,0.4039275,0,0,0.01655181,0.005692471,7.49517E-17,1.401298E-45,1.401298E-45,1.401298E-45,0.001396939,0.1032145,0.01086564,0.006465635,0.01217696,0.01264127,1.401298E-45,1.401298E-45,1.401298E-45,1.401298E-45,1.401298E-45,1.401298E-45,1.401298E-45,1.401298E-45,1.401298E-45,1.401298E-45,0.02721017,0.0510722,0.02514687,0.03536526,1.401298E-45,1.401298E-45,0.01409549,1.401298E-45,1.401298E-45,1.401298E-45,1.401298E-45,1.342292E-08,3.886606E-06,1.401298E-45,1.267411E-19,1.401298E-45,1.401298E-45,0.02131069,0.02760327,_,_,0,_,_
t,2024-01-03-10-28:14:4552,1,-1,-1,-1,71,71,TaskSelf_ETC,0.04647845,0.05342999,1.401298E-45,1.401298E-45,0.1644541,0.1621213,1.401298E-45,1.401298E-45,1.401298E-45,1.401298E-45,0.006467459,0.007237982,0,0.1912418,0.001537445,0.1909482,0,0,0.4772612,0.3880818,0,0,0.01586321,0.004730997,3.722916E-17,1.401298E-45,1.401298E-45,1.401298E-45,0.0005908402,0.1148327,0.01086564,0.009200289,0.02921718,0.02960583,1.401298E-45,1.401298E-45,1.401298E-45,1.401298E-45,1.401298E-45,1.401298E-45,1.401298E-45,1.401298E-45,1.401298E-45,1.401298E-45,0.02718689,0.05310778,0.02141816,0.03427504,1.401298E-45,1.401298E-45,0.01614437,1.401298E-45,1.401298E-45,1.401298E-45,1.401298E-45,6.662238E-09,1.91902E-06,1.401298E-45,8.664526E-20,1.401298E-45,1.401298E-45,0.02482229,0.033057,_,_,0,_,_
t,2024-01-03-10-28:14:5096,1,-1,-1,-1,71,71,TaskSelf_ETC,0.04823831,0.05365808,1.401298E-45,1.401298E-45,0.1618623,0.1604441,1.401298E-45,1.401298E-45,1.401298E-45,1.401298E-45,0.008254763,0.008628329,0,0.1422259,0.001291192,0.1429589,0,0,0.4527169,0.3632251,0,0,0.01561228,0.004388264,2.623843E-17,1.401298E-45,1.401298E-45,1.401298E-45,0.0003918606,0.1308065,0.01086564,0.004526231,0.02821238,0.02836026,1.401298E-45,1.401298E-45,1.401298E-45,1.401298E-45,1.401298E-45,1.401298E-45,1.401298E-45,1.401298E-45,1.401298E-45,1.401298E-45,0.02718014,0.05355554,0.02382951,0.03582572,1.401298E-45,1.401298E-45,0.01527581,1.401298E-45,1.401298E-45,1.401298E-45,1.401298E-45,4.694096E-09,1.349471E-06,1.401298E-45,7.164085E-20,1.401298E-45,1.401298E-45,0.0256437,0.0308407,_,_,0,_,_
t,2024-01-03-10-28:14:5538,1,-1,-1,-1,71,71,TaskSelf_ETC,0.03372697,0.03781985,1.401298E-45,1.401298E-45,0.1544865,0.147995,1.401298E-45,1.401298E-45,1.401298E-45,1.401298E-45,0.00987011,0.004614838,0,0.1434679,0.0005497783,0.1434437,0,0,0.4458742,0.3564653,0,0,0.0152401,0.003887624,1.303277E-17,1.401298E-45,1.401298E-45,1.401298E-45,0.0001774508,0.1276858,0.01086564,0.008557093,0.02306995,0.0233514,1.401298E-45,1.401298E-45,1.401298E-45,1.401298E-45,1.401298E-45,1.401298E-45,1.401298E-45,1.401298E-45,1.401298E-45,1.401298E-45,0.02717205,0.0485814,0.0213001,0.03434928,1.401298E-45,1.401298E-45,0.015274,1.401298E-45,1.401298E-45,1.401298E-45,1.401298E-45,2.330586E-09,6.680301E-07,1.401298E-45,4.897634E-20,1.401298E-45,1.401298E-45,0.02649776,0.02867923,_,_,0,_,_
t,2024-01-03-10-28:14:5996,1,-1,-1,-1,71,71,TaskSelf_ETC,0.03102463,0.03738482,1.401298E-45,1.401298E-45,0.1554019,0.1521978,1.401298E-45,1.401298E-45,1.401298E-45,1.401298E-45,0.004845014,0.002379064,0,0.1348219,0.0003655598,0.1347587,0,0,0.4470669,0.3571831,0,0,0.01510292,0.003705461,9.185253E-18,1.401298E-45,1.401298E-45,1.401298E-45,0.0001207861,0.1349619,0.01086564,0.009420352,0.0249967,0.01694236,1.401298E-45,1.401298E-45,1.401298E-45,1.401298E-45,1.401298E-45,1.401298E-45,1.401298E-45,1.401298E-45,1.401298E-45,1.401298E-45,0.0271697,0.04258625,0.01553525,0.03091343,1.401298E-45,1.401298E-45,0.0147061,1.401298E-45,1.401298E-45,1.401298E-45,1.401298E-45,1.64229E-09,4.702203E-07,1.401298E-45,4.049505E-20,1.401298E-45,1.401298E-45,0.02671614,0.02815903,_,_,0,_,_
t,2024-01-03-10-28:14:6267,1,-1,-1,-1,71,71,TaskSelf_ETC,0.02912341,0.03705766,1.401298E-45,1.401298E-45,0.1560427,0.1496107,1.401298E-45,1.401298E-45,1.401298E-45,1.401298E-45,0.002510213,0.001286268,0,0.175989,0.0002454709,0.1749733,0,0,0.4461738,0.3564021,0,0,0.01222157,0.003556937,6.473543E-18,1.401298E-45,1.401298E-45,1.401298E-45,8.270516E-05,0.1296165,0.01086564,0.009942966,0.0173391,0.01399055,1.401298E-45,1.401298E-45,1.401298E-45,1.401298E-45,1.401298E-45,1.401298E-45,1.401298E-45,1.401298E-45,1.401298E-45,1.401298E-45,0.01720297,0.0401388,0.01309636,0.02921264,1.401298E-45,1.401298E-45,0.01433629,1.401298E-45,1.401298E-45,1.401298E-45,1.401298E-45,1.157293E-09,3.310537E-07,1.401298E-45,3.348233E-20,1.401298E-45,1.401298E-45,0.02686053,0.03333256,_,_,0,_,_
t,2024-01-03-10-28:14:6819,1,-1,-1,-1,71,71,TaskSelf_ETC,0.02775436,0.03338452,1.401298E-45,1.401298E-45,0.1564918,0.1483073,1.401298E-45,1.401298E-45,1.401298E-45,1.401298E-45,0.001363078,0.005634588,0,0.1435425,0.0001661919,0.1431608,0,0,0.4422391,0.3522703,0,0,0.01262938,0.003435556,4.562416E-18,1.401298E-45,1.401298E-45,1.401298E-45,5.691087E-05,0.1040895,0.01086564,0.004814093,0.01402251,0.02099938,1.401298E-45,1.401298E-45,1.401298E-45,1.401298E-45,1.401298E-45,1.401298E-45,1.401298E-45,1.401298E-45,1.401298E-45,1.401298E-45,0.02100615,0.04708302,0.01199425,0.0283287,1.401298E-45,1.401298E-45,0.01409239,1.401298E-45,1.401298E-45,1.401298E-45,1.401298E-45,8.155466E-10,2.331181E-07,1.401298E-45,2.76841E-20,1.401298E-45,1.401298E-45,0.026957,0.03096465,_,_,0,_,_
t,2024-01-03-10-28:14:7222,1,-1,-1,-1,71,71,TaskSelf_ETC,0.02301313,0.02572019,1.401298E-45,1.401298E-45,0.1570279,0.1364663,1.401298E-45,1.401298E-45,1.401298E-45,1.401298E-45,0.003093675,0.004142472,0,0.1331126,7.766872E-05,0.1328018,0,0,0.4226504,0.3318635,0,0,0.01118568,0.003254633,2.266226E-18,1.401298E-45,1.401298E-45,1.401298E-45,2.726246E-05,0.09506034,0.01086564,0.006052203,0.01174434,0.01358934,1.401298E-45,1.401298E-45,1.401298E-45,1.401298E-45,1.401298E-45,1.401298E-45,1.401298E-45,1.401298E-45,1.401298E-45,1.401298E-45,0.02466233,0.05215521,0.02355354,0.03523606,1.401298E-45,1.401298E-45,0.01382034,1.401298E-45,1.401298E-45,1.401298E-45,1.401298E-45,4.050283E-10,1.156425E-07,1.401298E-45,1.892612E-20,1.401298E-45,1.401298E-45,0.02706618,0.03151851,_,_,0,_,_
t,2024-01-03-10-28:14:7621,1,-1,-1,-1,71,71,TaskSelf_ETC,0.02577007,0.02517774,1.401298E-45,1.401298E-45,0.1764329,0.1478317,1.401298E-45,1.401298E-45,1.401298E-45,1.401298E-45,0.006638033,0.007099254,0,0.1388125,5.350017E-05,0.1383948,0,0,0.4102549,0.3196722,0,0,0.0117992,0.003187669,1.597194E-18,1.401298E-45,1.401298E-45,1.401298E-45,1.895466E-05,0.1090226,0.01086564,0.008015484,0.0292179,0.02976692,1.401298E-45,1.401298E-45,1.401298E-45,1.401298E-45,1.401298E-45,1.401298E-45,1.401298E-45,1.401298E-45,1.401298E-45,1.401298E-45,0.03221699,0.05996237,0.02525548,0.03643516,1.401298E-45,1.401298E-45,0.01607968,1.401298E-45,1.401298E-45,1.401298E-45,1.401298E-45,2.854388E-10,8.146286E-08,1.401298E-45,1.564867E-20,1.401298E-45,1.401298E-45,0.0330775,0.04700475,_,_,0,_,_
t,2024-01-03-10-28:14:7993,1,-1,-1,-1,71,71,TaskSelf_ETC,0.02786517,0.02733153,1.401298E-45,1.401298E-45,0.1819638,0.1527856,1.401298E-45,1.401298E-45,1.401298E-45,1.401298E-45,0.008471435,0.008677995,0,0.1423791,3.699687E-05,0.1419085,0,0,0.4094,0.3184016,0,0,0.01229153,0.002579157,1.12566E-18,1.401298E-45,1.401298E-45,1.401298E-45,1.320926E-05,0.0840975,0.01086564,0.009129972,0.03478074,0.0349597,1.401298E-45,1.401298E-45,1.401298E-45,1.401298E-45,1.401298E-45,1.401298E-45,1.401298E-45,1.401298E-45,1.401298E-45,1.401298E-45,0.0353226,0.05799151,0.02610954,0.03708862,1.401298E-45,1.401298E-45,0.0152328,1.401298E-45,1.401298E-45,1.401298E-45,1.401298E-45,2.011594E-10,5.738967E-08,1.401298E-45,1.293869E-20,1.401298E-45,1.401298E-45,0.03102893,0.03740182,_,_,0,_,_
t,2024-01-03-10-28:14:8644,1,-1,-1,-1,71,71,TaskSelf_ETC,0.02813086,0.03469222,1.401298E-45,1.401298E-45,0.167017,0.148921,1.401298E-45,1.401298E-45,1.401298E-45,1.401298E-45,0.01001802,0.01005955,0,0.1621197,1.785667E-05,0.161314,0,0,0.4027478,0.3110293,0,0,0.01301007,0.002672729,5.591346E-19,1.401298E-45,1.401298E-45,1.401298E-45,6.45054E-06,0.07654737,0.01086564,0.01017682,0.02982007,0.02993341,1.401298E-45,1.401298E-45,1.401298E-45,1.401298E-45,1.401298E-45,1.401298E-45,1.401298E-45,1.401298E-45,1.401298E-45,1.401298E-45,0.03280266,0.05957448,0.02680511,0.03767412,1.401298E-45,1.401298E-45,0.01432564,1.401298E-45,1.401298E-45,1.401298E-45,1.401298E-45,9.991161E-11,2.848904E-08,1.401298E-45,8.845489E-21,1.401298E-45,1.401298E-45,0.0288754,0.03028726,_,_,0,_,_
t,2024-01-03-10-28:14:9025,1,-1,-1,-1,71,71,TaskSelf_ETC,0.02970947,0.04017388,1.401298E-45,1.401298E-45,0.1675754,0.1480886,1.401298E-45,1.401298E-45,1.401298E-45,1.401298E-45,0.01034078,0.01035867,0,0.1842826,1.245026E-05,0.1829132,0,0,0.402829,0.3111082,0,0,0.01070531,0.002169724,3.940677E-19,1.401298E-45,1.401298E-45,1.401298E-45,4.517325E-06,0.1069771,0.01086564,0.01041981,0.01887706,0.01888522,1.401298E-45,1.401298E-45,1.401298E-45,1.401298E-45,1.401298E-45,1.401298E-45,1.401298E-45,1.401298E-45,1.401298E-45,1.401298E-45,0.03059678,0.05791764,0.02694519,0.03780389,1.401298E-45,1.401298E-45,0.01408718,1.401298E-45,1.401298E-45,1.401298E-45,1.401298E-45,7.041381E-11,2.007396E-08,1.401298E-45,7.313708E-21,1.401298E-45,1.401298E-45,0.02831905,0.02898807,_,_,0,_,_
t,2024-01-03-10-28:14:9494,1,-1,-1,-1,71,71,TaskSelf_ETC,0.03093274,0.03937694,1.401298E-45,1.401298E-45,0.1678979,0.1475833,1.401298E-45,1.401298E-45,1.401298E-45,1.401298E-45,0.00510597,0.005063272,0,0.1896093,8.696858E-06,0.1880714,0,0,0.4025206,0.3107512,0,0,0.01141764,0.002293955,2.777316E-19,1.401298E-45,1.401298E-45,1.401298E-45,3.166977E-06,0.08560263,0.01086564,0.01057295,0.01450401,0.01449175,1.401298E-45,1.401298E-45,1.401298E-45,1.401298E-45,1.401298E-45,1.401298E-45,1.401298E-45,1.401298E-45,1.401298E-45,1.401298E-45,0.02930435,0.05679655,0.02702742,0.03788381,1.401298E-45,1.401298E-45,0.01392735,1.401298E-45,1.401298E-45,1.401298E-45,1.401298E-45,4.962516E-11,1.414508E-08,1.401298E-45,6.047186E-21,1.401298E-45,1.401298E-45,0.02794934,0.03338045,_,_,0,_,_
t,2024-01-03-10-28:14:9878,1,-1,-1,-1,71,71,TaskSelf_ETC,0.07106142,0.0618658,1.401298E-45,1.401298E-45,0.1752784,0.1550868,1.401298E-45,1.401298E-45,1.401298E-45,1.401298E-45,0.006236464,0.001414649,7.916242E-06,0.11279,0.05038657,0.162305,0,0,0.5015657,0.4117817,0,0,0.02076023,0.00474424,1.379524E-19,1.401298E-45,1.401298E-45,1.401298E-45,0.02199958,0.09060401,0.01086564,0.01073515,0.02002463,0.01175712,1.401298E-45,1.401298E-45,1.401298E-45,1.401298E-45,1.401298E-45,1.401298E-45,1.401298E-45,1.401298E-45,1.401298E-45,1.401298E-45,0.03341808,0.05550944,0.02710771,0.03796626,1.401298E-45,1.401298E-45,0.01526683,1.401298E-45,1.401298E-45,1.401298E-45,1.401298E-45,0.005898065,0.005897706,1.401298E-45,4.134109E-21,1.401298E-45,1.401298E-45,0.03322986,0.03661942,_,_,0,_,_
t,2024-01-03-10-28:15:0509,1,-1,-1,-1,71,71,TaskSelf_ETC,0.09874678,0.07396215,1.401298E-45,1.401298E-45,0.1406747,0.1283849,1.401298E-45,1.401298E-45,1.401298E-45,1.401298E-45,0.004195042,0.0004660022,0.0003712252,0.00111156,0.09269281,0.09343198,0,0,0.7951305,0.7180908,0,0,0.01857308,0.004131882,6.85226E-20,1.401298E-45,1.401298E-45,1.401298E-45,0.1850202,0.04074482,0.01086564,0.01080548,0.01672651,0.007219889,1.401298E-45,1.401298E-45,1.401298E-45,1.401298E-45,1.401298E-45,1.401298E-45,1.401298E-45,1.401298E-45,1.401298E-45,1.401298E-45,0.03202575,0.05490015,0.02713948,0.03800097,1.401298E-45,1.401298E-45,0.01492748,1.401298E-45,1.401298E-45,1.401298E-45,1.401298E-45,0.009621875,0.005082162,1.401298E-45,2.826252E-21,1.401298E-45,1.401298E-45,0.03220199,0.02993021,_,_,0,_,_
t,2024-01-03-10-28:15:0899,1,-1,-1,-1,71,71,TaskSelf_ETC,0.09874678,0.07396215,1.401298E-45,1.401298E-45,0.1406747,0.1283849,1.401298E-45,1.401298E-45,1.401298E-45,1.401298E-45,0.004195042,0.0004660022,0.0003712252,0.00111156,0.09269281,0.09343198,0,0,0.7951305,0.7180908,0,0,0.01857308,0.004131882,6.85226E-20,1.401298E-45,1.401298E-45,1.401298E-45,0.1850202,0.04074482,0.01086564,0.01080548,0.01672651,0.007219889,1.401298E-45,1.401298E-45,1.401298E-45,1.401298E-45,1.401298E-45,1.401298E-45,1.401298E-45,1.401298E-45,1.401298E-45,1.401298E-45,0.03202575,0.05490015,0.02713948,0.03800097,1.401298E-45,1.401298E-45,0.01492748,1.401298E-45,1.401298E-45,1.401298E-45,1.401298E-45,0.009621875,0.005082162,1.401298E-45,2.826252E-21,1.401298E-45,1.401298E-45,0.03220199,0.02993021,_,_,0,_,_
t,2024-01-03-10-28:15:1256,1,-1,-1,-1,71,71,TaskSelf_ETC,0.06733324,0.05440719,1.401298E-45,1.401298E-45,0.1207352,0.0959392,1.401298E-45,1.401298E-45,1.401298E-45,1.401298E-45,0.001271877,0.0001732499,1.659617E-05,0.01084772,0.04163523,0.05244227,0,0,0.7996636,0.7228206,0,0,0.01718496,0.003724298,3.403618E-20,1.401298E-45,1.401298E-45,1.401298E-45,0.1271425,0.01587608,0.01086564,0.005025232,0.008135759,0.00575105,1.401298E-45,1.401298E-45,1.401298E-45,1.401298E-45,1.401298E-45,1.401298E-45,1.401298E-45,1.401298E-45,1.401298E-45,1.401298E-45,0.02891231,0.04449457,0.02132498,0.02968237,1.401298E-45,1.401298E-45,0.01418493,1.401298E-45,1.401298E-45,1.401298E-45,1.401298E-45,0.008052189,0.00197906,1.401298E-45,1.932152E-21,1.401298E-45,1.401298E-45,0.02908205,0.01716855,_,_,0,_,_
t,2024-01-03-10-28:15:1685,1,-1,-1,-1,71,71,TaskSelf_ETC,0.05230149,0.03879223,1.401298E-45,1.401298E-45,0.1198698,0.0932357,1.401298E-45,1.401298E-45,1.401298E-45,1.401298E-45,0.0007409669,0.0001093382,5.066395E-06,0.01614805,0.03154305,0.04766537,0,0,0.7758389,0.6983498,0,0,0.01668697,0.00357404,2.398781E-20,1.401298E-45,1.401298E-45,1.401298E-45,0.1097228,0.03530408,0.01086564,0.007168091,0.009280222,0.002491098,1.401298E-45,1.401298E-45,1.401298E-45,1.401298E-45,1.401298E-45,1.401298E-45,1.401298E-45,1.401298E-45,1.401298E-45,1.401298E-45,0.0282532,0.04821727,0.01530076,0.033108,1.401298E-45,1.401298E-45,0.01399078,1.401298E-45,1.401298E-45,1.401298E-45,1.401298E-45,0.004522721,0.001271572,1.401298E-45,1.597549E-21,1.401298E-45,1.401298E-45,0.01755603,0.01329709,_,_,0,_,_
t,2024-01-03-10-28:15:2260,1,-1,-1,-1,71,71,TaskSelf_ETC,0.0233895,0.02367196,1.401298E-45,1.401298E-45,0.09559656,0.09243286,1.401298E-45,1.401298E-45,1.401298E-45,1.401298E-45,0.0002743196,4.58689E-05,0,0.04468812,0.002178105,0.0468496,0,0,0.7271778,0.6481131,0,0,0.01307963,0.003349415,1.191513E-20,1.401298E-45,1.401298E-45,1.401298E-45,0.01798419,0.02617028,0.01086564,0.00930686,0.001683361,0.0005703717,1.401298E-45,1.401298E-45,1.401298E-45,1.401298E-45,1.401298E-45,1.401298E-45,1.401298E-45,1.401298E-45,1.401298E-45,1.401298E-45,0.01341807,0.03991199,0.01184572,0.0287918,1.401298E-45,1.401298E-45,0.01377346,1.401298E-45,1.401298E-45,1.401298E-45,1.401298E-45,0.001580378,0.0005484291,1.401298E-45,1.092158E-21,1.401298E-45,1.401298E-45,0.004399599,0.01132389,_,_,0,_,_
t,2024-01-03-10-28:15:2639,1,-1,-1,-1,71,71,TaskSelf_ETC,0.01950479,0.01992047,1.401298E-45,1.401298E-45,0.1008723,0.09238359,1.401298E-45,1.401298E-45,1.401298E-45,1.401298E-45,0.0001728409,3.032611E-05,0,0.05781855,0.0006506686,0.05842883,0,0,0.7057411,0.6261928,0,0,0.01074944,0.003266067,8.397477E-21,1.401298E-45,1.401298E-45,1.401298E-45,0.01351213,0.04159107,0.01086564,0.009833129,0.004706147,0.004753689,1.401298E-45,1.401298E-45,1.401298E-45,1.401298E-45,1.401298E-45,1.401298E-45,1.401298E-45,1.401298E-45,1.401298E-45,1.401298E-45,0.01196951,0.03892632,0.01136827,0.02807464,1.401298E-45,1.401298E-45,0.013714,1.401298E-45,1.401298E-45,1.401298E-45,1.401298E-45,0.0009736018,0.0003664469,1.401298E-45,9.030223E-22,1.401298E-45,1.401298E-45,0.007669121,0.01108573,_,_,0,_,_
t,2024-01-03-10-28:15:3058,1,-1,-1,-1,71,71,TaskSelf_ETC,0.01697943,0.01741261,1.401298E-45,1.401298E-45,0.1024205,0.0923676,1.401298E-45,1.401298E-45,1.401298E-45,1.401298E-45,0.0001109392,2.026742E-05,0,0.0489585,0.0007492491,0.04968577,0,0,0.6983321,0.6186838,0,0,0.009022292,0.003197448,5.918359E-21,1.401298E-45,1.401298E-45,1.401298E-45,0.02526858,0.04906027,0.01086564,0.01017452,0.00221159,0.002415742,1.401298E-45,1.401298E-45,1.401298E-45,1.401298E-45,1.401298E-45,1.401298E-45,1.401298E-45,1.401298E-45,1.401298E-45,1.401298E-45,0.01137728,0.03848222,0.01113618,0.02769234,1.401298E-45,1.401298E-45,0.01367336,1.401298E-45,1.401298E-45,1.401298E-45,1.401298E-45,0.0006131644,0.0002470743,1.401298E-45,7.466432E-22,1.401298E-45,1.401298E-45,0.00285447,0.01097752,_,_,0,_,_
t,2024-01-03-10-28:15:3487,1,-1,-1,-1,71,71,TaskSelf_ETC,0.0116849,0.01568592,1.401298E-45,1.401298E-45,0.1029224,0.08058962,1.401298E-45,1.401298E-45,1.401298E-45,1.401298E-45,7.232562E-05,1.366755E-05,0,0.05767677,0.0002727416,0.05790886,0,0,0.6978629,0.6182052,0,0,0.00772073,0.003140912,4.171147E-21,1.401298E-45,1.401298E-45,1.401298E-45,0.004979097,0.05286821,0.01086564,0.004787398,0.005460513,0.001289958,1.401298E-45,1.401298E-45,1.401298E-45,1.401298E-45,1.401298E-45,1.401298E-45,1.401298E-45,1.401298E-45,1.401298E-45,1.401298E-45,0.01111773,0.0382699,0.01101747,0.02748023,1.401298E-45,1.401298E-45,0.01364544,1.401298E-45,1.401298E-45,1.401298E-45,1.401298E-45,0.0003934153,0.0001678482,1.401298E-45,6.173461E-22,1.401298E-45,1.401298E-45,0.001156997,0.004156967,_,_,0,_,_
t,2024-01-03-10-28:15:4167,1,-1,-1,-1,71,71,TaskSelf_ETC,0.008217967,0.01042499,1.401298E-45,1.401298E-45,0.1054574,0.07947221,1.401298E-45,1.401298E-45,1.401298E-45,1.401298E-45,3.1901E-05,6.348944E-06,0,0.02711779,4.656585E-05,0.02716269,0,0,0.6704149,0.589881,0,0,0.005955703,0.003055857,2.071864E-21,1.401298E-45,1.401298E-45,1.401298E-45,0.002540823,0.06873006,0.01086564,0.008453002,0.005983747,0.0004157987,1.401298E-45,1.401298E-45,1.401298E-45,1.401298E-45,1.401298E-45,1.401298E-45,1.401298E-45,1.401298E-45,1.401298E-45,1.401298E-45,0.010937,0.03810642,0.01091862,0.02728619,1.401298E-45,1.401298E-45,0.01361282,1.401298E-45,1.401298E-45,1.401298E-45,1.401298E-45,0.0001693097,7.885011E-05,1.401298E-45,4.220445E-22,1.401298E-45,1.401298E-45,0.003821826,0.008370211,_,_,0,_,_
t,2024-01-03-10-28:15:4510,1,-1,-1,-1,71,71,TaskSelf_ETC,0.006044296,0.01047295,1.401298E-45,1.401298E-45,0.1041995,0.0909942,1.401298E-45,1.401298E-45,1.401298E-45,1.401298E-45,2.149819E-05,4.36334E-06,0,0.03887802,2.146212E-05,0.03889267,0,0,0.6426337,0.561456,0,0,0.005353469,0.003024132,1.460206E-21,1.401298E-45,1.401298E-45,1.401298E-45,0.0007035471,0.07317945,0.01086564,0.009304013,0.00787412,0.0002481746,1.401298E-45,1.401298E-45,1.401298E-45,1.401298E-45,1.401298E-45,1.401298E-45,1.401298E-45,1.401298E-45,1.401298E-45,1.401298E-45,0.01090609,0.03807534,0.01089827,0.0272423,1.401298E-45,1.401298E-45,0.01360355,1.401298E-45,1.401298E-45,1.401298E-45,1.401298E-45,0.0001130355,5.442002E-05,1.401298E-45,3.489579E-22,1.401298E-45,1.401298E-45,0.001782152,0.003557746,_,_,0,_,_
t,2024-01-03-10-28:15:4991,1,-1,-1,-1,71,71,TaskSelf_ETC,0.003454163,0.005881651,1.401298E-45,1.401298E-45,0.1034502,0.08150695,1.401298E-45,1.401298E-45,1.401298E-45,1.401298E-45,9.976181E-06,2.086205E-06,4.547474E-13,0.04800147,5.445908E-06,0.0479929,0,0,0.6282339,0.5464687,0,0,0.004500349,0.002430154,7.253015E-22,1.401298E-45,1.401298E-45,1.401298E-45,7.460964E-05,0.06700216,0.01086564,0.006959257,0.00966685,9.54421E-05,1.401298E-45,1.401298E-45,1.401298E-45,1.401298E-45,1.401298E-45,1.401298E-45,1.401298E-45,1.401298E-45,1.401298E-45,1.401298E-45,0.01087998,0.03371179,0.01087881,0.02045242,1.401298E-45,1.401298E-45,0.0135926,1.401298E-45,1.401298E-45,1.401298E-45,1.401298E-45,5.170909E-05,2.618721E-05,1.401298E-45,2.385624E-22,1.401298E-45,1.401298E-45,0.0004609815,0.0007893104,_,_,0,_,_
t,2024-01-03-10-28:15:5439,1,-1,-1,-1,71,71,TaskSelf_ETC,0.002668682,0.006729058,1.401298E-45,1.401298E-45,0.1033422,0.07815342,1.401298E-45,1.401298E-45,1.401298E-45,1.401298E-45,6.853511E-06,1.449422E-06,0,0.05530966,2.954477E-06,0.05528788,0,0,0.6282339,0.5464687,0,0,0.004197944,0.002507961,5.111771E-22,1.401298E-45,1.401298E-45,1.401298E-45,2.806731E-05,0.06298406,0.01086564,0.003469107,0.01008685,6.102838E-05,1.401298E-45,1.401298E-45,1.401298E-45,1.401298E-45,1.401298E-45,1.401298E-45,1.401298E-45,1.401298E-45,1.401298E-45,1.401298E-45,0.01087453,0.03506716,0.01087422,0.01472027,1.401298E-45,1.401298E-45,0.01358945,1.401298E-45,1.401298E-45,1.401298E-45,1.401298E-45,3.533206E-05,1.823798E-05,1.401298E-45,1.972499E-22,1.401298E-45,1.401298E-45,0.0002520343,0.0004054581,_,_,0,_,_
t,2024-01-03-10-28:15:6075,1,-1,-1,-1,71,71,TaskSelf_ETC,0.001645408,0.007991781,1.401298E-45,1.401298E-45,0.107738,0.07910259,1.401298E-45,1.401298E-45,1.401298E-45,1.401298E-45,3.274906E-06,7.045312E-07,0,0.04860071,9.768307E-07,0.04858567,0,0,0.6087713,0.5268435,0,0,0.003757964,0.002624656,2.539102E-22,1.401298E-45,1.401298E-45,1.401298E-45,5.068525E-06,0.05958354,0.01086564,0.008236144,0.01052399,0.003415641,1.401298E-45,1.401298E-45,1.401298E-45,1.401298E-45,1.401298E-45,1.401298E-45,1.401298E-45,1.401298E-45,1.401298E-45,1.401298E-45,0.01086927,0.04332756,0.01086942,0.01466683,1.401298E-45,1.401298E-45,0.0135857,1.401298E-45,1.401298E-45,1.401298E-45,1.401298E-45,1.674505E-05,8.897598E-06,1.401298E-45,1.348491E-22,1.401298E-45,1.401298E-45,0.002795849,0.002557258,_,_,0,_,_
t,2024-01-03-10-28:15:6438,1,-1,-1,-1,71,71,TaskSelf_ETC,0.001308553,0.006146993,1.401298E-45,1.401298E-45,0.1056482,0.0847313,1.401298E-45,1.401298E-45,1.401298E-45,1.401298E-45,2.274787E-06,4.925266E-07,0,0.02845064,5.888884E-07,0.02844934,0,0,0.5830032,0.5006029,0,0,0.003598396,0.002668071,1.789508E-22,1.401298E-45,1.401298E-45,1.401298E-45,2.391452E-06,0.03876248,0.01086564,0.004130675,0.01063588,0.007131967,1.401298E-45,1.401298E-45,1.401298E-45,1.401298E-45,1.401298E-45,1.401298E-45,1.401298E-45,1.401298E-45,1.401298E-45,1.401298E-45,0.01086801,0.04132902,0.01086819,0.02023171,1.401298E-45,1.401298E-45,0.01358462,1.401298E-45,1.401298E-45,1.401298E-45,1.401298E-45,1.15954E-05,6.228724E-06,1.401298E-45,1.11497E-22,1.401298E-45,1.401298E-45,0.006492904,0.006195293,_,_,0,_,_
t,2024-01-03-10-28:15:6757,1,-1,-1,-1,71,71,TaskSelf_ETC,0.003216719,0.01033385,1.401298E-45,1.401298E-45,0.09756222,0.08782576,1.401298E-45,1.401298E-45,1.401298E-45,1.401298E-45,1.584048E-06,3.447994E-07,0,0.03523197,3.641334E-07,0.03522781,0,0,0.5351346,0.4519353,0,0,0.006074765,0.002703863,1.261207E-22,1.401298E-45,1.401298E-45,1.401298E-45,1.196848E-06,0.08064464,0.01086564,0.006931479,0.01070989,0.004168997,1.401298E-45,1.401298E-45,1.401298E-45,1.401298E-45,1.401298E-45,1.401298E-45,1.401298E-45,1.401298E-45,1.401298E-45,1.401298E-45,0.01086721,0.04012666,0.01086737,0.02317141,1.401298E-45,1.401298E-45,0.01358386,1.401298E-45,1.401298E-45,1.401298E-45,1.401298E-45,8.053786E-06,4.365459E-06,1.401298E-45,9.218875E-23,1.401298E-45,1.401298E-45,0.008397412,0.003278571,_,_,0,_,_
t,2024-01-03-10-28:15:7170,1,-1,-1,-1,71,71,TaskSelf_ETC,0.002558434,0.01039042,1.401298E-45,1.401298E-45,0.09456578,0.08105915,1.401298E-45,1.401298E-45,1.401298E-45,1.401298E-45,1.105339E-06,2.416608E-07,0,0.02542026,2.300438E-07,0.02541859,0,0,0.3892858,0.3046682,0,0,0.005469567,0.002733385,8.888699E-23,1.401298E-45,1.401298E-45,1.401298E-45,6.306436E-07,0.07104455,0.01086564,0.008497342,0.01075935,0.00251117,1.401298E-45,1.401298E-45,1.401298E-45,1.401298E-45,1.401298E-45,1.401298E-45,1.401298E-45,1.401298E-45,1.401298E-45,1.401298E-45,0.01086669,0.03938553,0.01086683,0.02478935,1.401298E-45,1.401298E-45,0.01358332,1.401298E-45,1.401298E-45,1.401298E-45,1.401298E-45,5.607957E-06,3.062517E-06,1.401298E-45,7.622408E-23,1.401298E-45,1.401298E-45,0.004429663,0.001813253,_,_,0,_,_
t,2024-01-03-10-28:15:7835,1,-1,-1,-1,71,71,TaskSelf_ETC,0.005493807,0.01047449,1.401298E-45,1.401298E-45,0.09454417,0.07716814,1.401298E-45,1.401298E-45,1.401298E-45,1.401298E-45,5.408287E-07,1.190322E-07,0,0.02176858,9.666019E-08,0.0217677,0,0,0.3973382,0.3127751,0,0,0.004596937,0.002777855,4.41512E-23,1.401298E-45,1.401298E-45,1.401298E-45,1.98983E-07,0.03405733,0.01086564,0.009942577,0.0071664,0.000979668,1.401298E-45,1.401298E-45,1.401298E-45,1.401298E-45,1.401298E-45,1.401298E-45,1.401298E-45,1.401298E-45,1.401298E-45,1.401298E-45,0.01086613,0.03862019,0.0108662,0.02625583,1.401298E-45,1.401298E-45,0.01358268,1.401298E-45,1.401298E-45,1.401298E-45,1.401298E-45,2.73509E-06,1.51062E-06,1.401298E-45,5.210999E-23,1.401298E-45,1.401298E-45,0.00140015,0.0006182122,_,_,0,_,_
t,2024-01-03-10-28:15:8306,1,-1,-1,-1,71,71,TaskSelf_ETC,0.01549114,0.01351018,1.401298E-45,1.401298E-45,0.09488264,0.07636634,1.401298E-45,1.401298E-45,1.401298E-45,1.401298E-45,2.658799E-07,5.87858E-08,0,0.02135487,4.275781E-08,0.02135405,0,0,0.3867089,0.3019566,0,0,0.00658957,0.002808173,2.193031E-23,1.401298E-45,1.401298E-45,1.401298E-45,7.169089E-08,0.0310028,0.01086564,0.01047841,0.009312657,0.0004112503,1.401298E-45,1.401298E-45,1.401298E-45,1.401298E-45,1.401298E-45,1.401298E-45,1.401298E-45,1.401298E-45,1.401298E-45,1.401298E-45,0.01086587,0.03829755,0.01086591,0.02678816,1.401298E-45,1.401298E-45,0.01358237,1.401298E-45,1.401298E-45,1.401298E-45,1.401298E-45,1.341651E-06,7.467694E-07,1.401298E-45,3.562448E-23,1.401298E-45,1.401298E-45,0.0005051109,0.008083763,_,_,0,_,_
t,2024-01-03-10-28:15:8614,1,-1,-1,-1,71,71,TaskSelf_ETC,0.0146088,0.01570748,1.401298E-45,1.401298E-45,0.09364166,0.07623188,1.401298E-45,1.401298E-45,1.401298E-45,1.401298E-45,1.866651E-07,4.13421E-08,0,0.0365424,2.884646E-08,0.03653486,0,0,0.3718909,0.2870009,0,0,0.005882535,0.0028195,1.545605E-23,1.401298E-45,1.401298E-45,1.401298E-45,4.469638E-08,0.06339284,0.01086564,0.01060962,0.009838595,0.0002719687,1.401298E-45,1.401298E-45,1.401298E-45,1.401298E-45,1.401298E-45,1.401298E-45,1.401298E-45,1.401298E-45,1.401298E-45,1.401298E-45,0.0108658,0.03821215,0.01086583,0.02691682,1.401298E-45,1.401298E-45,0.01358227,1.401298E-45,1.401298E-45,1.401298E-45,1.401298E-45,9.411487E-07,5.253698E-07,1.401298E-45,2.945533E-23,1.401298E-45,1.401298E-45,0.0003150755,0.004460251,_,_,0,_,_
t,2024-01-03-10-28:15:9272,1,-1,-1,-1,71,71,TaskSelf_ETC,0.01389347,0.01734414,1.401298E-45,1.401298E-45,0.09769892,0.07615987,1.401298E-45,1.401298E-45,1.401298E-45,1.401298E-45,1.311378E-07,2.908518E-08,0,0.04234587,1.960625E-08,0.04233225,0,0,0.3714545,0.2865596,0,0,0.007774877,0.002828859,1.089306E-23,1.401298E-45,1.401298E-45,1.401298E-45,2.843436E-08,0.02488648,0.01086564,0.01069454,0.01017909,0.000181799,1.401298E-45,1.401298E-45,1.401298E-45,1.401298E-45,1.401298E-45,1.401298E-45,1.401298E-45,1.401298E-45,1.401298E-45,1.401298E-45,0.01086575,0.03815471,0.01086577,0.02699955,1.401298E-45,1.401298E-45,0.01358221,1.401298E-45,1.401298E-45,1.401298E-45,1.401298E-45,6.607332E-07,3.697221E-07,1.401298E-45,2.435442E-23,1.401298E-45,1.401298E-45,0.0002005261,0.00255709,_,_,0,_,_
t,2024-01-03-10-28:15:9664,1,-1,-1,-1,71,71,TaskSelf_ETC,0.01020852,0.01691647,1.401298E-45,1.401298E-45,0.09386585,0.07609663,1.401298E-45,1.401298E-45,1.401298E-45,1.401298E-45,6.482461E-08,1.440828E-08,0,0.0249019,9.217445E-09,0.02490047,0,0,0.3760893,0.2910957,0,0,0.007917528,0.002842983,5.410743E-24,1.401298E-45,1.401298E-45,1.401298E-45,1.207702E-08,0.06680294,0.01086564,0.005036612,0.01055096,8.33246E-05,1.401298E-45,1.401298E-45,1.401298E-45,1.401298E-45,1.401298E-45,1.401298E-45,1.401298E-45,1.401298E-45,1.401298E-45,1.401298E-45,0.00493041,0.03210787,0.002393726,0.01730408,1.401298E-45,1.401298E-45,0.01358213,1.401298E-45,1.401298E-45,1.401298E-45,1.401298E-45,3.26279E-07,1.832373E-07,1.401298E-45,1.664977E-23,1.401298E-45,1.401298E-45,8.52263E-05,0.0009230027,_,_,0,_,_
t,2024-01-03-10-28:16:0053,1,-1,-1,-1,71,71,TaskSelf_ETC,0.01028771,0.01824511,1.401298E-45,1.401298E-45,0.09813885,0.07608289,1.401298E-45,1.401298E-45,1.401298E-45,1.401298E-45,4.560416E-08,1.014435E-08,0,0.02295035,6.363363E-09,0.02294933,0,0,0.3806545,0.295696,0,0,0.006921276,0.002848264,3.813341E-24,1.401298E-45,1.401298E-45,1.401298E-45,8.022479E-09,0.07296173,0.01086564,0.007212769,0.01065047,5.697495E-05,1.401298E-45,1.401298E-45,1.401298E-45,1.401298E-45,1.401298E-45,1.401298E-45,1.401298E-45,1.401298E-45,1.401298E-45,1.401298E-45,0.007007486,0.02954391,0.005743317,0.01363532,1.401298E-45,1.401298E-45,0.01358211,1.401298E-45,1.401298E-45,1.401298E-45,1.401298E-45,2.294487E-07,1.290328E-07,1.401298E-45,1.376641E-23,1.401298E-45,1.401298E-45,5.662807E-05,0.0005758607,_,_,0,_,_
t,2024-01-03-10-28:16:0509,1,-1,-1,-1,71,71,TaskSelf_ETC,0.01035235,0.01665008,1.401298E-45,1.401298E-45,0.1003465,0.07607451,1.401298E-45,1.401298E-45,1.401298E-45,1.401298E-45,3.20929E-08,7.143584E-09,0,0.02209658,4.408672E-09,0.0220957,0,0,0.3819299,0.2969864,0,0,0.006138453,0.002310604,2.687563E-24,1.401298E-45,1.401298E-45,1.401298E-45,5.382761E-09,0.06739996,0.01086564,0.008531681,0.01071775,0.00584145,1.401298E-45,1.401298E-45,1.401298E-45,1.401298E-45,1.401298E-45,1.401298E-45,1.401298E-45,1.401298E-45,1.401298E-45,1.401298E-45,0.008323461,0.03286466,0.007690386,0.01214332,1.401298E-45,1.401298E-45,0.01358209,1.401298E-45,1.401298E-45,1.401298E-45,1.401298E-45,1.614176E-07,9.087689E-08,1.401298E-45,1.138244E-23,1.401298E-45,1.401298E-45,3.800315E-05,0.0003665677,_,_,0,_,_
t,2024-01-03-10-28:16:1134,1,-1,-1,-1,71,71,TaskSelf_ETC,0.01044855,0.01909705,1.401298E-45,1.401298E-45,0.0970679,0.08170106,1.401298E-45,1.401298E-45,1.401298E-45,1.401298E-45,1.590506E-08,3.543864E-09,0,0.02892432,2.133859E-09,0.02892189,0,0,0.388928,0.3039713,0,0,0.005023377,0.002491108,1.33495E-24,1.401298E-45,1.401298E-45,1.401298E-45,2.481223E-09,0.04088172,0.01086564,0.009867658,0.004976883,0.002377151,1.401298E-45,1.401298E-45,1.401298E-45,1.401298E-45,1.401298E-45,1.401298E-45,1.401298E-45,1.401298E-45,1.401298E-45,1.401298E-45,0.004326561,0.03092277,0.004310275,0.01490479,1.401298E-45,1.401298E-45,0.01358207,1.401298E-45,1.401298E-45,1.401298E-45,1.401298E-45,7.995899E-08,4.509277E-08,1.401298E-45,7.781539E-24,1.401298E-45,1.401298E-45,1.752346E-05,0.005764147,_,_,0,_,_
t,2024-01-03-10-28:16:1537,1,-1,-1,-1,71,71,TaskSelf_ETC,0.008108549,0.01789074,1.401298E-45,1.401298E-45,0.09619509,0.07815305,1.401298E-45,1.401298E-45,1.401298E-45,1.401298E-45,7.888048E-09,1.758767E-09,0,0.023239,1.041272E-09,0.02323826,0,0,0.4018238,0.3162917,0,0,0.006304495,0.002078891,6.630847E-25,1.401298E-45,1.401298E-45,1.401298E-45,1.170731E-09,0.05252999,0.01086564,0.004814054,0.003455712,0.001028131,1.401298E-45,1.401298E-45,1.401298E-45,1.401298E-45,1.401298E-45,1.401298E-45,1.401298E-45,1.401298E-45,1.401298E-45,1.401298E-45,0.001140596,0.02822408,0.001196001,0.004816355,1.401298E-45,1.401298E-45,0.01358206,1.401298E-45,1.401298E-45,1.401298E-45,1.401298E-45,3.96422E-08,2.238213E-08,1.401298E-45,5.319786E-24,1.401298E-45,1.401298E-45,8.270038E-06,0.00720382,_,_,0,_,_
t,2024-01-03-10-28:16:1937,1,-1,-1,-1,71,71,TaskSelf_ETC,0.008108549,0.01789074,1.401298E-45,1.401298E-45,0.09619509,0.07815305,1.401298E-45,1.401298E-45,1.401298E-45,1.401298E-45,7.888048E-09,1.758767E-09,0,0.023239,1.041272E-09,0.02323826,0,0,0.4018238,0.3162917,0,0,0.006304495,0.002078891,6.630847E-25,1.401298E-45,1.401298E-45,1.401298E-45,1.170731E-09,0.05252999,0.01086564,0.004814054,0.003455712,0.001028131,1.401298E-45,1.401298E-45,1.401298E-45,1.401298E-45,1.401298E-45,1.401298E-45,1.401298E-45,1.401298E-45,1.401298E-45,1.401298E-45,0.001140596,0.02822408,0.001196001,0.004816355,1.401298E-45,1.401298E-45,0.01358206,1.401298E-45,1.401298E-45,1.401298E-45,1.401298E-45,3.96422E-08,2.238213E-08,1.401298E-45,5.319786E-24,1.401298E-45,1.401298E-45,8.270038E-06,0.00720382,_,_,0,_,_
t,2024-01-03-10-28:16:2704,1,-1,-1,-1,71,71,TaskSelf_ETC,0.003984747,0.01628918,1.401298E-45,1.401298E-45,0.1005503,0.07661279,1.401298E-45,1.401298E-45,1.401298E-45,1.401298E-45,2.757411E-09,6.152042E-10,0,0.0454606,3.584877E-10,0.04545169,0,0,0.4068896,0.3206662,0,0,0.00471466,0.002078369,2.321296E-25,1.401298E-45,1.401298E-45,1.401298E-45,3.904428E-10,0.06694373,0.01086564,0.0006998216,0.0005356863,0.0003155168,1.401298E-45,1.401298E-45,1.401298E-45,1.401298E-45,1.401298E-45,1.401298E-45,1.401298E-45,1.401298E-45,1.401298E-45,1.401298E-45,0.0002129344,0.0144311,0.0002354863,0.002194233,1.401298E-45,1.401298E-45,0.006621201,1.401298E-45,1.401298E-45,1.401298E-45,1.401298E-45,1.385334E-08,7.830186E-09,1.401298E-45,3.007048E-24,1.401298E-45,1.401298E-45,2.758668E-06,0.001588747,_,_,0,_,_
t,2024-01-03-10-28:16:3183,1,-1,-1,-1,71,71,TaskSelf_ETC,0.002570358,0.01886185,1.401298E-45,1.401298E-45,0.09474634,0.07630379,1.401298E-45,1.401298E-45,1.401298E-45,1.401298E-45,1.368827E-09,3.054789E-10,0,0.0621202,1.768456E-10,0.06209204,0,0,0.4232071,0.3366714,0,0,0.00410547,0.001905816,1.153019E-25,1.401298E-45,1.401298E-45,1.401298E-45,1.900957E-10,0.07463628,0.01086564,0.00780176,0.0001869851,0.0001483881,1.401298E-45,1.401298E-45,1.401298E-45,1.401298E-45,1.401298E-45,1.401298E-45,1.401298E-45,1.401298E-45,1.401298E-45,1.401298E-45,8.080292E-05,0.01151528,9.149485E-05,0.0005199733,1.401298E-45,1.401298E-45,0.007146936,1.401298E-45,1.401298E-45,1.401298E-45,1.401298E-45,6.876161E-09,3.888288E-09,1.401298E-45,2.055749E-24,1.401298E-45,1.401298E-45,1.343235E-06,0.0006488014,_,_,0,_,_
t,2024-01-03-10-28:16:3658,1,-1,-1,-1,71,71,TaskSelf_ETC,0.002079363,0.01709217,1.401298E-45,1.401298E-45,0.09867277,0.07622419,1.401298E-45,1.401298E-45,1.401298E-45,1.401298E-45,9.645115E-10,2.152697E-10,0,0.06324746,1.243174E-10,0.0632161,0,0,0.4182715,0.3318702,0,0,0.003883966,0.001555389,8.126287E-26,1.401298E-45,1.401298E-45,1.401298E-45,1.329754E-10,0.06761317,0.01086564,0.009084861,0.005478731,0.0001024574,1.401298E-45,1.401298E-45,1.401298E-45,1.401298E-45,1.401298E-45,1.401298E-45,1.401298E-45,1.401298E-45,1.401298E-45,1.401298E-45,5.140187E-05,0.0111733,5.873652E-05,0.0002743835,1.401298E-45,1.401298E-45,0.00786176,1.401298E-45,1.401298E-45,1.401298E-45,1.401298E-45,4.844891E-09,2.740119E-09,1.401298E-45,1.699756E-24,1.401298E-45,1.401298E-45,9.396484E-07,0.0004245627,_,_,0,_,_
t,2024-01-03-10-28:16:4341,1,-1,-1,-1,71,71,TaskSelf_ETC,0.001375322,0.0167087,1.401298E-45,1.401298E-45,0.08675429,0.07613597,1.401298E-45,1.401298E-45,1.401298E-45,1.401298E-45,4.789253E-10,1.069075E-10,0,0.05675858,6.151057E-11,0.05673793,0,0,0.4132134,0.3268301,0,0,0.002987692,0.001042578,4.036444E-26,1.401298E-45,1.401298E-45,1.401298E-45,6.530625E-11,0.07096557,0.01086564,0.01020881,0.001906821,4.933521E-05,1.401298E-45,1.401298E-45,1.401298E-45,1.401298E-45,1.401298E-45,1.401298E-45,1.401298E-45,1.401298E-45,1.401298E-45,1.401298E-45,2.183016E-05,0.01094727,2.529901E-05,8.677597E-05,1.401298E-45,1.401298E-45,0.00870332,1.401298E-45,1.401298E-45,1.401298E-45,1.401298E-45,2.405542E-09,1.360844E-09,1.401298E-45,1.162029E-24,1.401298E-45,1.401298E-45,4.614984E-07,0.0001883421,_,_,0,_,_
t,2024-01-03-10-28:16:4665,1,-1,-1,-1,71,71,TaskSelf_ETC,0.001123139,0.01545453,1.401298E-45,1.401298E-45,0.0800486,0.07611205,1.401298E-45,1.401298E-45,1.401298E-45,1.401298E-45,3.374916E-10,7.534035E-11,0,0.05286697,4.328798E-11,0.05285143,0,0,0.4144031,0.3280359,0,0,0.002420451,0.0008556854,2.844781E-26,1.401298E-45,1.401298E-45,1.401298E-45,4.583115E-11,0.07372138,0.01086564,0.01045239,0.001172883,3.436743E-05,1.401298E-45,1.401298E-45,1.401298E-45,1.401298E-45,1.401298E-45,1.401298E-45,1.401298E-45,1.401298E-45,1.401298E-45,1.401298E-45,1.450082E-05,0.01091073,1.689553E-05,5.140538E-05,1.401298E-45,1.401298E-45,0.008944193,1.401298E-45,1.401298E-45,1.401298E-45,1.401298E-45,1.695104E-09,9.590319E-10,1.401298E-45,9.607931E-25,1.401298E-45,1.401298E-45,3.238801E-07,0.0001272003,_,_,0,_,_
t,2024-01-03-10-28:16:5081,1,-1,-1,-1,71,71,TaskSelf_ETC,0.0009191642,0.01710937,1.401298E-45,1.401298E-45,0.08430241,0.07609577,1.401298E-45,1.401298E-45,1.401298E-45,1.401298E-45,2.378333E-10,5.309547E-11,0,0.05059118,3.04719E-11,0.05057871,0,0,0.4734365,0.3876488,0,0,0.00249978,0.000703196,2.004951E-26,1.401298E-45,1.401298E-45,1.401298E-45,3.218775E-11,0.04167074,0.01086564,0.01060071,0.0007377042,2.398912E-05,1.401298E-45,1.401298E-45,1.401298E-45,1.401298E-45,1.401298E-45,1.401298E-45,1.401298E-45,1.401298E-45,1.401298E-45,1.401298E-45,9.729244E-06,0.01089152,1.138691E-05,3.131739E-05,1.401298E-45,1.401298E-45,0.009112488,1.401298E-45,1.401298E-45,1.401298E-45,1.401298E-45,1.194528E-09,6.758761E-10,1.401298E-45,7.944123E-25,1.401298E-45,1.401298E-45,2.274683E-07,8.653344E-05,_,_,0,_,_
t,2024-01-03-10-28:16:5744,1,-1,-1,-1,71,71,TaskSelf_ETC,0.0006186995,0.01734941,1.401298E-45,1.401298E-45,0.08878408,0.07607695,1.401298E-45,1.401298E-45,1.401298E-45,1.401298E-45,1.181148E-10,2.637056E-11,0,0.06152797,1.510809E-11,0.06150214,0,0,0.4660828,0.379848,0,0,0.002180732,0.001004344,9.958725E-27,1.401298E-45,1.401298E-45,1.401298E-45,1.590325E-11,0.06485223,0.01086564,0.002614577,0.000307843,1.174307E-05,1.401298E-45,1.401298E-45,1.401298E-45,1.401298E-45,1.401298E-45,1.401298E-45,1.401298E-45,1.401298E-45,1.401298E-45,1.401298E-45,4.484505E-06,0.010875,5.28464E-06,1.243614E-05,1.401298E-45,1.401298E-45,0.008210447,1.401298E-45,1.401298E-45,1.401298E-45,1.401298E-45,5.932165E-10,3.356877E-10,1.401298E-45,5.430905E-25,1.401298E-45,1.401298E-45,1.123896E-07,4.073676E-05,_,_,0,_,_
t,2024-01-03-10-28:16:6156,1,-1,-1,-1,71,71,TaskSelf_ETC,0.0005085929,0.02225514,1.401298E-45,1.401298E-45,0.08994416,0.07607166,1.401298E-45,1.401298E-45,1.401298E-45,1.401298E-45,8.323996E-11,1.858482E-11,0,0.06277957,1.064063E-11,0.06275153,0,0,0.4637258,0.3774682,0,0,0.002303037,0.0008247927,7.018707E-27,1.401298E-45,1.401298E-45,1.401298E-45,1.118605E-11,0.08602803,0.01086564,0.006128251,0.0002031216,8.231194E-06,1.401298E-45,1.401298E-45,1.401298E-45,1.401298E-45,1.401298E-45,1.401298E-45,1.401298E-45,1.401298E-45,1.401298E-45,1.401298E-45,3.072984E-06,0.01087148,3.63065E-06,8.050929E-06,1.401298E-45,1.401298E-45,0.008621658,1.401298E-45,1.401298E-45,1.401298E-45,1.401298E-45,4.18057E-10,2.365794E-10,1.401298E-45,4.490423E-25,1.401298E-45,1.401298E-45,7.905341E-08,2.813787E-05,_,_,0,_,_
t,2024-01-03-10-28:16:6534,1,-1,-1,-1,71,71,TaskSelf_ETC,0.006875167,0.03299204,1.401298E-45,1.401298E-45,0.08403385,0.07013892,1.401298E-45,1.401298E-45,1.401298E-45,1.401298E-45,4.134297E-11,9.230927E-12,0,0.06359389,5.279944E-12,0.06356398,0,0,0.436183,0.3496163,0,0,0.0024859,0.001084643,3.486306E-27,1.401298E-45,1.401298E-45,1.401298E-45,5.539642E-12,0.06819213,0.01086564,0.004095987,9.126189E-05,4.054955E-06,1.401298E-45,1.401298E-45,1.401298E-45,1.401298E-45,1.401298E-45,1.401298E-45,1.401298E-45,1.401298E-45,1.401298E-45,1.401298E-45,0.003685988,0.00470036,1.735001E-06,3.51296E-06,1.401298E-45,1.401298E-45,0.01036379,1.401298E-45,1.401298E-45,1.401298E-45,1.401298E-45,2.076333E-10,1.17508E-10,1.401298E-45,3.069859E-25,1.401298E-45,1.401298E-45,3.914996E-08,1.355669E-05,_,_,0,_,_
t,2024-01-03-10-28:16:6901,1,-1,-1,-1,71,71,TaskSelf_ETC,0.006875167,0.03299204,1.401298E-45,1.401298E-45,0.08403385,0.07013892,1.401298E-45,1.401298E-45,1.401298E-45,1.401298E-45,4.134297E-11,9.230927E-12,0,0.06359389,5.279944E-12,0.06356398,0,0,0.436183,0.3496163,0,0,0.0024859,0.001084643,3.486306E-27,1.401298E-45,1.401298E-45,1.401298E-45,5.539642E-12,0.06819213,0.01086564,0.004095987,9.126189E-05,4.054955E-06,1.401298E-45,1.401298E-45,1.401298E-45,1.401298E-45,1.401298E-45,1.401298E-45,1.401298E-45,1.401298E-45,1.401298E-45,1.401298E-45,0.003685988,0.00470036,1.735001E-06,3.51296E-06,1.401298E-45,1.401298E-45,0.01036379,1.401298E-45,1.401298E-45,1.401298E-45,1.401298E-45,2.076333E-10,1.17508E-10,1.401298E-45,3.069859E-25,1.401298E-45,1.401298E-45,3.914996E-08,1.355669E-05,_,_,0,_,_
t,2024-01-03-10-28:16:7553,1,-1,-1,-1,71,71,TaskSelf_ETC,0.00659495,0.03217346,1.401298E-45,1.401298E-45,0.07749564,0.0709389,1.401298E-45,1.401298E-45,1.401298E-45,1.401298E-45,2.053441E-11,4.584981E-12,0,0.06379078,2.620782E-12,0.06375995,0,0,0.4281842,0.3416214,0,0,0.002609626,0.001677292,1.7317E-27,1.401298E-45,1.401298E-45,1.401298E-45,2.74598E-12,0.06429452,0.01086564,0.001220189,4.230284E-05,2.002813E-06,1.401298E-45,1.401298E-45,1.401298E-45,1.401298E-45,1.401298E-45,1.401298E-45,1.401298E-45,1.401298E-45,1.401298E-45,1.401298E-45,0.00155376,0.001073225,8.392488E-07,1.595545E-06,1.401298E-45,1.401298E-45,0.009924373,1.401298E-45,1.401298E-45,1.401298E-45,1.401298E-45,1.031269E-10,5.836633E-11,1.401298E-45,2.098692E-25,1.401298E-45,1.401298E-45,1.940667E-08,6.594517E-06,_,_,0,_,_
t,2024-01-03-10-28:16:7962,1,-1,-1,-1,71,71,TaskSelf_ETC,0.00424661,0.02901661,1.401298E-45,1.401298E-45,0.08156994,0.07139856,1.401298E-45,1.401298E-45,1.401298E-45,1.401298E-45,1.019927E-11,2.277365E-12,0,0.07979221,1.30115E-12,0.07971663,0,0,0.4397586,0.3533494,0,0,0.002693611,0.002067999,8.601569E-28,1.401298E-45,1.401298E-45,1.401298E-45,0.04721595,0.04610597,0.01086564,0.0004214647,2.003707E-05,9.90987E-07,1.401298E-45,1.401298E-45,1.401298E-45,1.401298E-45,1.401298E-45,1.401298E-45,1.401298E-45,1.401298E-45,1.401298E-45,1.401298E-45,0.0006888577,0.0003037344,4.09361E-07,7.451636E-07,1.401298E-45,1.401298E-45,0.009711715,1.401298E-45,1.401298E-45,1.401298E-45,1.401298E-45,5.122183E-11,2.899073E-11,1.401298E-45,1.434756E-25,1.401298E-45,1.401298E-45,9.626077E-09,3.229029E-06,_,_,0,_,_
t,2024-01-03-10-28:16:8259,1,-1,-1,-1,71,71,TaskSelf_ETC,0.00343311,0.02791811,1.401298E-45,1.401298E-45,0.07882987,0.07325485,1.401298E-45,1.401298E-45,1.401298E-45,1.401298E-45,7.188054E-12,1.60501E-12,0,0.05963385,9.168495E-13,0.05961006,0,0,0.4997912,0.4143324,0,0,0.002724917,0.001686762,6.062148E-28,1.401298E-45,1.401298E-45,1.401298E-45,0.02220393,0.05034646,0.01086564,0.0002584743,1.387187E-05,6.974111E-07,1.401298E-45,1.401298E-45,1.401298E-45,1.401298E-45,1.401298E-45,1.401298E-45,1.401298E-45,1.401298E-45,1.401298E-45,1.401298E-45,0.0004651266,0.0001721641,2.865493E-07,5.131508E-07,1.401298E-45,1.401298E-45,0.00965067,1.401298E-45,1.401298E-45,1.401298E-45,1.401298E-45,3.609904E-11,2.043172E-11,1.401298E-45,1.186289E-25,1.401298E-45,1.401298E-45,6.780646E-09,2.263562E-06,_,_,0,_,_
t,2024-01-03-10-28:16:8675,1,-1,-1,-1,71,71,TaskSelf_ETC,0.0027862,0.02704256,1.401298E-45,1.401298E-45,0.07752508,0.07432798,1.401298E-45,1.401298E-45,1.401298E-45,1.401298E-45,5.065941E-12,1.131173E-12,0,0.06133495,6.460823E-13,0.06130844,0,0,0.5119103,0.4266171,0,0,0.002750749,0.001379045,4.272489E-28,1.401298E-45,1.401298E-45,1.401298E-45,0.01108039,0.05295518,0.01086564,0.0001621644,9.633261E-06,4.909351E-07,1.401298E-45,1.401298E-45,1.401298E-45,1.401298E-45,1.401298E-45,1.401298E-45,1.401298E-45,1.401298E-45,1.401298E-45,1.401298E-45,0.0003163622,0.0001010124,2.008206E-07,3.547881E-07,1.401298E-45,1.401298E-45,0.009607958,1.401298E-45,1.401298E-45,1.401298E-45,1.401298E-45,2.544153E-11,1.439981E-11,1.401298E-45,9.808583E-26,1.401298E-45,1.401298E-45,4.776807E-09,1.588257E-06,_,_,0,_,_
t,2024-01-03-10-28:16:9297,1,-1,-1,-1,71,71,TaskSelf_ETC,0.01453862,0.05118735,1.401298E-45,1.401298E-45,0.0890412,0.07535751,1.401298E-45,1.401298E-45,1.401298E-45,1.401298E-45,2.516255E-12,5.61859E-13,0,0.05773613,3.208436E-13,0.05771596,0,0,0.496507,0.4107817,0,0,0.005502943,0.004712402,2.122188E-28,1.401298E-45,1.401298E-45,1.401298E-45,0.01200825,0.1096528,0.01086564,0.00566087,4.679161E-06,2.434124E-07,1.401298E-45,1.401298E-45,1.401298E-45,1.401298E-45,1.401298E-45,1.401298E-45,1.401298E-45,1.401298E-45,1.401298E-45,1.401298E-45,0.0001488902,3.781496E-05,9.890424E-08,1.711829E-07,1.401298E-45,1.401298E-45,0.007855236,1.401298E-45,1.401298E-45,1.401298E-45,1.401298E-45,1.263677E-11,7.152466E-12,1.401298E-45,6.705549E-26,1.401298E-45,1.401298E-45,2.371139E-09,7.836331E-07,_,_,0,_,_
