ID,TIMESTAMP,CONDITION,TRIAL,Q1ANS,Q2ANS,P1SCORE,P2SCORE,GAZE_FOCUS,BrowLowererL,BrowLowererR,CheekPuffL,CheekPuffR,CheekRaiserL,CheekRaiserR,CheekSuckL,CheekSuckR,ChinRaiserB,ChinRaiserT,DimplerL,DimplerR,EyesClosedL,EyesClosedR,EyesLookDownL,EyesLookDownR,EyesLookLeftL,EyesLookLeftR,EyesLookRightL,EyesLookRightR,EyesLookUpL,EyesLookUpR,InnerBrowRaiserL,InnerBrowRaiserR,JawDrop,JawSidewaysLeft,JawSidewaysRight,JawThrust,LidTightenerL,LidTightenerR,LipCornerDepressorL,LipCornerDepressorR,LipCornerPullerL,LipCornerPullerR,LipFunnelerLB,LipFunnelerLT,LipFunnelerRB,LipFunnelerRT,LipPressorL,LipPressorR,LipPuckerL,LipPuckerR,LipStretcherL,LipStretcherR,LipSuckLB,LipSuckLT,LipSuckRB,LipSuckRT,LipTightenerL,LipTightenerR,LipsToward,LowerLipDepressorL,LowerLipDepressorR,MouthLeft,MouthRight,NoseWrinklerL,NoseWrinklerR,OuterBrowRaiserL,OuterBrowRaiserR,UpperLidRaiserL,UpperLidRaiserR,UpperLipRaiserL,UpperLipRaiserR,Max,Invalid,HeartRate,GSR,GSR_CONDUCTANCE
t,2024-01-03-10-33:37:1957,1,-1,-1,-1,71,71,TaskPartner_Head,0.1041199,0.04665857,0,0,0.0933506,0.06504419,0,0,1.401298E-45,1.352757E-14,5.570019E-05,3.552101E-12,0.1484554,0.001212753,0,0,0,0,0.4424119,0.3588023,0.1172139,0.1190697,0.00547467,2.163818E-12,4.459428E-20,1.401298E-45,1.401298E-45,7.69681E-14,0.3104686,0.1732836,0.01086564,1.349882E-18,1.401298E-45,1.401298E-45,0,1.401298E-45,0,0,1.401298E-45,1.401298E-45,1.401298E-45,1.401298E-45,1.401298E-45,1.401298E-45,5.905795E-05,1.401298E-45,5.034883E-05,1.401298E-45,1.401298E-45,1.401298E-45,0.005432821,7.244751E-14,6.431355E-14,1.401298E-45,0,1.401298E-45,1.401298E-45,1.401298E-45,1.401298E-45,1.401298E-45,1.401298E-45,7.080271E-14,6.591203E-14,_,_,0,_,_
t,2024-01-03-10-33:37:2650,1,-1,-1,-1,71,71,TaskPartner_Head,0.06255571,0.02967471,0,0,0.07515573,0.05682819,0,0,1.401298E-45,4.735519E-15,1.625358E-05,1.243463E-12,0.04530469,0.001062005,0,0,0,0,0.4300237,0.3463034,0.09086009,0.09225468,0.004298001,1.223096E-12,1.560993E-20,1.401298E-45,1.401298E-45,2.694391E-14,0.2263316,0.1365903,0.01086564,4.725487E-19,1.401298E-45,1.401298E-45,0,1.401298E-45,0,0,1.401298E-45,1.401298E-45,1.401298E-45,1.401298E-45,1.401298E-45,1.401298E-45,1.732824E-05,1.401298E-45,1.611739E-05,1.401298E-45,1.401298E-45,1.401298E-45,0.005432821,2.53614E-14,2.251398E-14,1.401298E-45,0,1.401298E-45,1.401298E-45,1.401298E-45,1.401298E-45,1.401298E-45,1.401298E-45,2.478562E-14,2.307353E-14,_,_,0,_,_
t,2024-01-03-10-33:37:2953,1,-1,-1,-1,71,71,TaskPartner_Head,0.04015201,0.02059556,0,0,0.07558601,0.05563666,0,0,1.401298E-45,3.337505E-15,1.09905E-05,8.763696E-13,0.0391358,0.0007150177,0,0,0,0,0.4180126,0.3341684,0.07123396,0.0722938,0.004042936,1.011292E-12,1.100144E-20,1.401298E-45,1.401298E-45,1.898958E-14,0.2135152,0.1251584,0.01086564,3.33044E-19,1.401298E-45,1.401298E-45,0,1.401298E-45,0,0,1.401298E-45,1.401298E-45,1.401298E-45,1.401298E-45,1.401298E-45,1.401298E-45,1.173196E-05,1.401298E-45,1.113162E-05,1.401298E-45,1.401298E-45,1.401298E-45,0.005432821,1.787426E-14,1.586745E-14,1.401298E-45,0,1.401298E-45,1.401298E-45,1.401298E-45,1.401298E-45,1.401298E-45,1.401298E-45,1.746846E-14,1.62618E-14,_,_,0,_,_
t,2024-01-03-10-33:37:3387,1,-1,-1,-1,71,71,TaskPartner_Head,0.02779464,0.01470312,0,0,0.06920259,0.05504498,0,0,1.401298E-45,2.352209E-15,7.484233E-06,6.176484E-13,0.037687,0.0004851568,0,0,0,0,0.4180007,0.3341818,0.0503819,0.05113151,0.003834724,8.361658E-13,7.753517E-21,1.401298E-45,1.401298E-45,1.338351E-14,0.2092128,0.1222893,0.01086564,2.347233E-19,1.401298E-45,1.401298E-45,0,1.401298E-45,0,0,1.401298E-45,1.401298E-45,1.401298E-45,1.401298E-45,1.401298E-45,1.401298E-45,7.997537E-06,1.401298E-45,7.714918E-06,1.401298E-45,1.401298E-45,1.401298E-45,0.005432821,1.259745E-14,1.118308E-14,1.401298E-45,0,1.401298E-45,1.401298E-45,1.401298E-45,1.401298E-45,0.008835535,1.401298E-45,1.231144E-14,1.146101E-14,_,_,0,_,_
t,2024-01-03-10-33:37:3986,1,-1,-1,-1,71,71,TaskPartner_Head,0.02975734,0.01314536,0,0,0.07339147,0.05456889,0,0,1.401298E-45,1.168379E-15,3.528749E-06,3.067956E-13,0.03719254,0.0002274952,0,0,0,0,0.3851266,0.3009297,0.01506512,0.01526981,0.003524784,5.716415E-13,3.851229E-21,1.401298E-45,1.401298E-45,6.647806E-15,0.2070086,0.1212339,0.01086564,1.16591E-19,1.401298E-45,1.401298E-45,0,1.401298E-45,0,0,1.401298E-45,1.401298E-45,1.401298E-45,1.401298E-45,1.401298E-45,1.401298E-45,3.776801E-06,1.401298E-45,3.736107E-06,1.401298E-45,1.401298E-45,1.401298E-45,0.005432821,6.257358E-15,5.554819E-15,1.401298E-45,0,1.401298E-45,1.401298E-45,1.401298E-45,1.401298E-45,0.01082595,1.401298E-45,6.115294E-15,5.692871E-15,_,_,0,_,_
t,2024-01-03-10-33:37:4353,1,-1,-1,-1,71,71,TaskPartner_Head,0.0222277,0.01263346,0,0,0.07434579,0.05447419,0,0,1.401298E-45,8.234454E-16,2.438781E-06,2.162221E-13,0.03715609,0.0001569011,0,0,0,0,0.3778008,0.2935195,0.01507035,0.01527076,0.003410194,4.726478E-13,2.714236E-21,1.401298E-45,1.401298E-45,4.685215E-15,0.206741,0.1211482,0.01086564,8.217056E-20,1.401298E-45,1.401298E-45,0,1.401298E-45,0,0,1.401298E-45,1.401298E-45,1.401298E-45,1.401298E-45,1.401298E-45,1.401298E-45,2.611786E-06,1.401298E-45,2.608192E-06,1.401298E-45,1.401298E-45,1.401298E-45,0.005432821,4.410036E-15,3.914904E-15,1.401298E-45,0,1.401298E-45,1.401298E-45,1.401298E-45,1.401298E-45,0.006275542,1.401298E-45,4.309913E-15,4.012199E-15,_,_,0,_,_
t,2024-01-03-10-33:37:4675,1,-1,-1,-1,71,71,TaskPartner_Head,0.01477387,0.009451638,0,0,0.0691705,0.05441895,0,0,1.401298E-45,5.803494E-16,1.691175E-06,1.523894E-13,0.02576809,0.0001086166,0,0,0,0,0.3720515,0.2877069,0.007812042,0.007914158,0.003316021,3.907992E-13,1.912934E-21,1.401298E-45,1.401298E-45,3.302056E-15,0.206619,0.1211163,0.01086564,5.791236E-20,1.401298E-45,1.401298E-45,0,1.401298E-45,0,0,1.401298E-45,1.401298E-45,1.401298E-45,1.401298E-45,1.401298E-45,1.401298E-45,1.81205E-06,1.401298E-45,1.823795E-06,1.401298E-45,1.401298E-45,1.401298E-45,0.005432821,3.108115E-15,2.759154E-15,1.401298E-45,0,1.401298E-45,1.401298E-45,1.401298E-45,1.401298E-45,0.003753191,1.401298E-45,3.03755E-15,2.827727E-15,_,_,0,_,_
t,2024-01-03-10-33:37:5140,1,-1,-1,-1,71,71,TaskPartner_Head,0.01258814,0.007189591,0,0,0.06704464,0.05438579,0,0,1.401298E-45,4.090143E-16,1.176005E-06,1.073999E-13,0.02271922,7.542215E-05,0,0,0,0,0.3702347,0.2858701,0.005673259,0.005747013,0.003238543,3.231218E-13,1.348178E-21,1.401298E-45,1.401298E-45,2.327199E-15,0.2065601,0.100552,0.01086564,4.081505E-20,1.401298E-45,1.401298E-45,0,1.401298E-45,0,0,1.401298E-45,1.401298E-45,1.401298E-45,1.401298E-45,1.401298E-45,1.401298E-45,1.260581E-06,1.401298E-45,1.277017E-06,1.401298E-45,1.401298E-45,1.401298E-45,0.005432821,2.190515E-15,1.944577E-15,1.401298E-45,0,1.401298E-45,1.401298E-45,1.401298E-45,1.401298E-45,0.002305061,1.401298E-45,2.140782E-15,1.992904E-15,_,_,0,_,_
t,2024-01-03-10-33:37:5784,1,-1,-1,-1,71,71,TaskPartner_Head,0.006397723,0.004328115,0,0,0.07240053,0.05435257,0,0,1.401298E-45,2.031637E-16,5.723996E-07,5.334717E-14,0.02147586,0,0.02148819,3.663131E-05,0,0,0.3513969,0.266828,0,0,0.003122185,2.209008E-13,6.696563E-22,1.401298E-45,1.401298E-45,1.155956E-15,0.1904695,0.1269415,0.01086564,2.027348E-20,1.401298E-45,1.401298E-45,0,1.401298E-45,0,0,1.401298E-45,1.401298E-45,1.401298E-45,1.401298E-45,1.401298E-45,1.401298E-45,6.139508E-07,1.401298E-45,6.281007E-07,1.401298E-45,1.401298E-45,1.401298E-45,0.004402588,1.088063E-15,9.659016E-16,1.401298E-45,0,1.401298E-45,1.401298E-45,1.401298E-45,1.401298E-45,0.0009269798,1.401298E-45,1.06336E-15,9.899065E-16,_,_,0,_,_
t,2024-01-03-10-33:37:6134,1,-1,-1,-1,71,71,TaskPartner_Head,0.009930246,0.002710116,0,0,0.07447988,0.06006141,0,0,1.401298E-45,1.009146E-16,2.803947E-07,2.649839E-14,0.0279019,0,0.02786997,1.791762E-05,0,0,0.3400772,0.2553908,0,0,0.003043096,1.510179E-13,3.326275E-22,1.401298E-45,1.401298E-45,5.741821E-16,0.1945211,0.136664,0.01086564,1.007017E-20,1.401298E-45,1.401298E-45,0,1.401298E-45,0,0,1.401298E-45,1.401298E-45,1.401298E-45,1.401298E-45,1.401298E-45,1.401298E-45,3.008784E-07,1.401298E-45,3.098934E-07,1.401298E-45,1.401298E-45,1.401298E-45,0.004942324,5.404584E-16,4.797789E-16,1.401298E-45,0,1.401298E-45,1.401298E-45,1.401298E-45,1.401298E-45,0.0003975877,1.401298E-45,5.281881E-16,4.917025E-16,_,_,0,_,_
t,2024-01-03-10-33:37:6529,1,-1,-1,-1,71,71,TaskPartner_Head,0.007359066,0.002167926,0,0,0.06959435,0.05788323,0,0,1.401298E-45,7.112162E-17,1.965874E-07,1.867527E-14,0.02419684,1.255525E-05,0,0,0,0,0.3360804,0.2513554,0.0002052543,0.0002076457,0.003013594,1.248648E-13,2.344255E-22,1.401298E-45,1.401298E-45,4.046664E-16,0.1875293,0.1284525,0.01086564,7.097154E-21,1.401298E-45,1.401298E-45,0,1.401298E-45,0,0,1.401298E-45,1.401298E-45,1.401298E-45,1.401298E-45,1.401298E-45,1.401298E-45,2.109828E-07,1.401298E-45,2.178536E-07,1.401298E-45,1.401298E-45,1.401298E-45,0.005092589,3.80899E-16,3.381339E-16,1.401298E-45,0,1.401298E-45,1.401298E-45,1.401298E-45,1.401298E-45,0.0002650938,1.401298E-45,3.722513E-16,3.465373E-16,_,_,0,_,_
t,2024-01-03-10-33:37:7103,1,-1,-1,-1,71,71,TaskPartner_Head,0.00555343,0.001744045,0,0,0.07205822,0.05657949,0,0,1.401298E-45,5.012519E-17,1.379556E-07,1.316198E-14,0.02266564,8.806629E-06,0,0,0,0,0.3342422,0.2494987,0.003849573,0.003894145,0.002989241,1.032419E-13,1.652185E-22,1.401298E-45,1.401298E-45,2.852014E-16,0.1851513,0.13414,0.01086564,5.001942E-21,1.401298E-45,1.401298E-45,0,1.401298E-45,0,0,1.401298E-45,1.401298E-45,1.401298E-45,1.401298E-45,1.401298E-45,1.401298E-45,1.480774E-07,1.401298E-45,1.532193E-07,1.401298E-45,1.401298E-45,1.401298E-45,0.005196169,2.684505E-16,2.383105E-16,1.401298E-45,0,1.401298E-45,1.401298E-45,1.401298E-45,1.401298E-45,0.0001784225,1.401298E-45,2.623558E-16,2.442331E-16,_,_,0,_,_
t,2024-01-03-10-33:37:7491,1,-1,-1,-1,71,71,TaskPartner_Head,0.005853399,0.001409637,0,0,0.06858439,0.05577936,0,0,1.401298E-45,3.532708E-17,9.688214E-08,9.276261E-15,0.02965839,6.182285E-06,0,0,0,0,0.3390203,0.2543246,0.00384884,0.003894131,0.002969131,8.536305E-14,1.164421E-22,1.401298E-45,1.401298E-45,2.010034E-16,0.1963363,0.1366729,0.01086564,3.525254E-21,1.401298E-45,1.401298E-45,0,1.401298E-45,0,0,1.401298E-45,1.401298E-45,1.401298E-45,1.401298E-45,1.401298E-45,1.401298E-45,1.040018E-07,1.401298E-45,1.077994E-07,1.401298E-45,1.401298E-45,1.401298E-45,0.005267843,1.891978E-16,1.679557E-16,1.401298E-45,0,1.401298E-45,1.401298E-45,1.401298E-45,1.401298E-45,0.0001210307,1.401298E-45,1.849023E-16,1.721298E-16,_,_,0,_,_
t,2024-01-03-10-33:37:7898,1,-1,-1,-1,71,71,TaskPartner_Head,0.004708691,0.0009311035,0,0,0.07335731,0.05495721,0,0,1.401298E-45,1.754752E-17,4.786449E-08,4.607665E-15,0.05279239,3.052596E-06,0,0,0,0,0.3830089,0.2987373,0.07242668,0.07340464,0.002938803,5.835807E-14,5.78385E-23,1.401298E-45,1.401298E-45,9.984155E-17,0.2187544,0.1522666,0.01086564,1.751049E-21,1.401298E-45,1.401298E-45,0,1.401298E-45,0,0,1.401298E-45,1.401298E-45,1.401298E-45,1.401298E-45,1.401298E-45,1.401298E-45,5.139055E-08,1.401298E-45,5.340632E-08,1.401298E-45,1.401298E-45,1.401298E-45,0.005352214,9.397752E-17,8.342627E-17,1.401298E-45,0,1.401298E-45,1.401298E-45,1.401298E-45,1.401298E-45,0.008775992,1.401298E-45,9.184389E-17,8.549959E-17,_,_,0,_,_
t,2024-01-03-10-33:37:8259,1,-1,-1,-1,71,71,TaskPartner_Head,0.003682681,0.00075999,0,0,0.07437263,0.06034807,0,0,1.401298E-45,1.236705E-17,3.366578E-08,3.247368E-15,0.04815724,2.1466E-06,0,0,0,0,0.3773893,0.2930506,0.07419671,0.07518215,0.002927468,4.82519E-14,4.076311E-23,1.401298E-45,1.401298E-45,7.036585E-17,0.2148712,0.1480704,0.01086564,1.234096E-21,1.401298E-45,1.401298E-45,0,1.401298E-45,0,0,1.401298E-45,1.401298E-45,1.401298E-45,1.401298E-45,1.401298E-45,1.401298E-45,3.614812E-08,1.401298E-45,3.760276E-08,1.401298E-45,1.401298E-45,1.401298E-45,0.005376361,6.623302E-17,5.879677E-17,1.401298E-45,0,1.401298E-45,1.401298E-45,1.401298E-45,1.401298E-45,0.01215749,1.401298E-45,6.47293E-17,6.025799E-17,_,_,0,_,_
t,2024-01-03-10-33:37:8804,1,-1,-1,-1,71,71,TaskPartner_Head,0.002907479,0.000621705,0,0,0.07498519,0.05805826,0,0,1.401298E-45,8.716034E-18,2.368741E-08,2.288675E-15,0.04489575,1.51009E-06,0,0,0,0,0.3764402,0.2920934,0.0724372,0.07339656,0.002918101,3.989598E-14,2.872895E-23,1.401298E-45,1.401298E-45,4.959235E-17,0.2122482,0.1057601,0.01086564,8.697647E-22,1.401298E-45,1.401298E-45,0,1.401298E-45,0,0,1.401298E-45,1.401298E-45,1.401298E-45,1.401298E-45,1.401298E-45,1.401298E-45,2.543531E-08,1.401298E-45,2.648026E-08,1.401298E-45,1.401298E-45,1.401298E-45,0.005393232,4.667962E-17,4.14387E-17,1.401298E-45,0,1.401298E-45,1.401298E-45,1.401298E-45,1.401298E-45,0.02111276,1.401298E-45,4.561983E-17,4.246854E-17,_,_,0,_,_
t,2024-01-03-10-33:37:9045,1,-1,-1,-1,71,71,TaskPartner_Head,0.002313541,0.0005095187,0,0,0.0753637,0.05668882,0,0,1.401298E-45,6.142866E-18,1.667136E-08,1.613007E-15,0.04260014,1.062655E-06,0,0,0,0,0.3764443,0.292112,0.06154764,0.0623628,0.002366331,3.298706E-14,2.024752E-23,1.401298E-45,1.401298E-45,3.495158E-17,0.2179866,0.1138194,0.01086564,6.129907E-22,1.401298E-45,1.401298E-45,0,1.401298E-45,0,0,1.401298E-45,1.401298E-45,1.401298E-45,1.401298E-45,1.401298E-45,1.401298E-45,1.790231E-08,1.401298E-45,1.865026E-08,1.401298E-45,1.401298E-45,1.401298E-45,0.005405038,3.289875E-17,2.920507E-17,1.401298E-45,0,1.401298E-45,1.401298E-45,1.401298E-45,1.401298E-45,0.01822346,1.401298E-45,3.215184E-17,2.993088E-17,_,_,0,_,_
t,2024-01-03-10-33:37:9517,1,-1,-1,-1,71,71,Untagged,0.001853002,0.0004182132,0,0,0.070074,0.05584903,0,0,1.401298E-45,4.329347E-18,1.17362E-08,1.136809E-15,0.0297178,7.479902E-07,0,0,0,0,0.3764443,0.292112,0.06154764,0.0623628,0.002455475,2.727454E-14,1.426997E-23,1.401298E-45,1.401298E-45,2.463305E-17,0.1799689,0.1272843,0.01086564,4.320214E-22,1.401298E-45,1.401298E-45,0,1.401298E-45,0,0,1.401298E-45,1.401298E-45,1.401298E-45,1.401298E-45,1.401298E-45,1.401298E-45,1.26032E-08,1.401298E-45,1.313702E-08,1.401298E-45,1.401298E-45,1.401298E-45,0.005413309,2.318626E-17,2.058305E-17,1.401298E-45,0,1.401298E-45,1.401298E-45,1.401298E-45,1.401298E-45,0.02287133,1.401298E-45,2.265985E-17,2.109458E-17,_,_,0,_,_
t,2024-01-03-10-33:37:9963,1,-1,-1,-1,71,71,Untagged,0.001207138,0.000282763,0,0,0.06878722,0.05498686,0,0,1.401298E-45,2.150419E-18,5.819431E-09,5.646619E-16,0.02297047,3.708251E-07,0,0,0,0,0.3724092,0.287978,0.09558918,0.09683991,0.002589067,1.864594E-14,7.087996E-24,1.401298E-45,1.401298E-45,1.223542E-17,0.2160365,0.1225644,0.01086564,2.145883E-22,1.401298E-45,1.401298E-45,0,1.401298E-45,0,0,1.401298E-45,1.401298E-45,1.401298E-45,1.401298E-45,1.401298E-45,1.401298E-45,6.249671E-09,1.401298E-45,6.519824E-09,1.401298E-45,1.401298E-45,1.401298E-45,0.005423181,1.15168E-17,1.022376E-17,1.401298E-45,0,1.401298E-45,1.401298E-45,1.401298E-45,1.401298E-45,0.09025221,1.401298E-45,1.125532E-17,1.047784E-17,_,_,0,_,_
t,2024-01-03-10-33:38:0484,1,-1,-1,-1,71,71,Untagged,0.0009801894,0.0002328307,0,0,0.06708032,0.05476901,0,0,1.401298E-45,1.515577E-18,4.098789E-09,3.979636E-16,0.02212996,2.611646E-07,0,0,0,0,0.3729652,0.2885007,0.1143968,0.1158961,0.002638734,0.0005427842,4.995492E-24,1.401298E-45,1.401298E-45,8.623309E-18,0.2127214,0.155804,0.01086564,1.51238E-22,1.401298E-45,1.401298E-45,0,1.401298E-45,0,0,1.401298E-45,1.401298E-45,1.401298E-45,1.401298E-45,1.401298E-45,1.401298E-45,4.401907E-09,1.401298E-45,4.593624E-09,1.401298E-45,1.401298E-45,1.401298E-45,0.00542604,8.116832E-18,7.205522E-18,1.401298E-45,0,1.401298E-45,1.401298E-45,1.401298E-45,1.401298E-45,0.1055548,1.401298E-45,7.932551E-18,7.384595E-18,_,_,0,_,_
t,2024-01-03-10-33:38:0897,1,-1,-1,-1,71,71,Untagged,0.0006519879,0.000158181,0,0,0.06578557,0.05453061,0,0,1.401298E-45,7.528131E-19,2.033958E-09,1.976753E-16,0.02155246,1.295852E-07,0,0,0,0,0.3681106,0.2835874,0.1164553,0.1179593,0.002713421,0.000368807,2.481346E-24,1.401298E-45,1.401298E-45,4.283346E-18,0.234762,0.1277601,0.01086564,7.512252E-23,1.401298E-45,1.401298E-45,0,1.401298E-45,0,0,1.401298E-45,1.401298E-45,1.401298E-45,1.401298E-45,1.401298E-45,1.401298E-45,2.184441E-09,1.401298E-45,2.280657E-09,1.401298E-45,1.401298E-45,1.401298E-45,0.005429463,4.03177E-18,3.579106E-18,1.401298E-45,0,1.401298E-45,1.401298E-45,1.401298E-45,1.401298E-45,0.09903094,1.401298E-45,3.940234E-18,3.668055E-18,_,_,0,_,_
t,2024-01-03-10-33:38:1298,1,-1,-1,-1,71,71,Untagged,0.0005335705,0.0001304822,0,0,0.06554325,0.0544667,0,0,1.401298E-45,5.305658E-19,1.432966E-09,1.393171E-16,0.02145511,9.129194E-08,0,0,0,0,0.3697233,0.2852322,0.1101658,0.1115955,0.002741268,0.0003042411,1.748797E-24,1.401298E-45,1.401298E-45,3.018806E-18,0.229178,0.1243202,0.01086564,5.294466E-23,1.401298E-45,1.401298E-45,0,1.401298E-45,0,0,1.401298E-45,1.401298E-45,1.401298E-45,1.401298E-45,1.401298E-45,1.401298E-45,1.539002E-09,1.401298E-45,1.607073E-09,1.401298E-45,1.401298E-45,1.401298E-45,0.005430458,2.841501E-18,2.522474E-18,1.401298E-45,0,1.401298E-45,1.401298E-45,1.401298E-45,1.401298E-45,0.1300196,1.401298E-45,2.776988E-18,2.585163E-18,_,_,0,_,_
t,2024-01-03-10-33:38:1528,1,-1,-1,-1,71,71,Untagged,0.0004374365,0.0001076777,0,0,0.06540613,0.05442345,0,0,1.401298E-45,3.739329E-19,1.009623E-09,9.818813E-17,0.006658002,6.431942E-08,0,0,0,0,0.3834086,0.2990849,0.104534,0.1059471,0.002225276,0.0002510788,1.232519E-24,1.401298E-45,1.401298E-45,2.127598E-18,0.2166979,0.1017717,0.01086564,3.731441E-23,1.401298E-45,1.401298E-45,0,1.401298E-45,0,0,1.401298E-45,1.401298E-45,1.401298E-45,1.401298E-45,1.401298E-45,1.401298E-45,1.084343E-09,1.401298E-45,1.13247E-09,1.401298E-45,1.401298E-45,1.401298E-45,0.005431157,2.002637E-18,1.777792E-18,1.401298E-45,0,1.401298E-45,1.401298E-45,1.401298E-45,1.401298E-45,0.1082566,1.401298E-45,1.95717E-18,1.821974E-18,_,_,0,_,_
t,2024-01-03-10-33:38:2085,1,-1,-1,-1,71,71,Untagged,0.0003591496,8.888852E-05,0,0,0.07073164,0.05439399,0,0,1.401298E-45,2.63541E-19,7.113866E-10,6.920118E-17,0.0111137,4.531864E-08,0,0,0,0,0.3756669,0.2912683,0.0977412,0.09903264,0.002339683,0.000207274,8.686566E-25,1.401298E-45,1.401298E-45,1.499492E-18,0.2189898,0.09620208,0.01086564,2.629851E-23,1.401298E-45,1.401298E-45,0,1.401298E-45,0,0,1.401298E-45,1.401298E-45,1.401298E-45,1.401298E-45,1.401298E-45,1.401298E-45,7.640406E-10,1.401298E-45,7.980478E-10,1.401298E-45,1.401298E-45,1.401298E-45,0.005431649,1.411421E-18,1.252955E-18,1.401298E-45,0,1.401298E-45,1.401298E-45,1.401298E-45,1.401298E-45,0.09982008,1.401298E-45,1.379377E-18,1.284094E-18,_,_,0,_,_
t,2024-01-03-10-33:38:2493,1,-1,-1,-1,71,71,Untagged,0.0002429321,6.0621E-05,0,0,0.07214871,0.0543599,0,0,1.401298E-45,1.309037E-19,3.532207E-10,3.4373E-17,0.01634729,2.25009E-08,0,0,0,0,0.3739149,0.2895235,0.08269556,0.08378252,0.002510766,0.0005829428,4.314714E-25,1.401298E-45,1.401298E-45,7.448142E-19,0.2276236,0.1118373,0.01086564,1.306276E-23,1.401298E-45,1.401298E-45,0,1.401298E-45,0,0,1.401298E-45,1.401298E-45,1.401298E-45,1.401298E-45,1.401298E-45,1.401298E-45,3.793692E-10,1.401298E-45,3.963272E-10,1.401298E-45,1.401298E-45,1.401298E-45,0.00543224,7.010687E-19,6.223568E-19,1.401298E-45,0,1.401298E-45,1.401298E-45,1.401298E-45,1.401298E-45,0.07845853,1.401298E-45,6.851519E-19,6.378237E-19,_,_,0,_,_
t,2024-01-03-10-33:38:2749,1,-1,-1,-1,71,71,Untagged,0.0002429321,6.0621E-05,0,0,0.07214871,0.0543599,0,0,1.401298E-45,1.309037E-19,3.532207E-10,3.4373E-17,0.01634729,2.25009E-08,0,0,0,0,0.3739149,0.2895235,0.08269556,0.08378252,0.002510766,0.0005829428,4.314714E-25,1.401298E-45,1.401298E-45,7.448142E-19,0.2276236,0.1118373,0.01086564,1.306276E-23,1.401298E-45,1.401298E-45,0,1.401298E-45,0,0,1.401298E-45,1.401298E-45,1.401298E-45,1.401298E-45,1.401298E-45,1.401298E-45,3.793692E-10,1.401298E-45,3.963272E-10,1.401298E-45,1.401298E-45,1.401298E-45,0.00543224,7.010687E-19,6.223568E-19,1.401298E-45,0,1.401298E-45,1.401298E-45,1.401298E-45,1.401298E-45,0.07845853,1.401298E-45,6.851519E-19,6.378237E-19,_,_,0,_,_
t,2024-01-03-10-33:38:3137,1,-1,-1,-1,71,71,Untagged,0.0002000644,5.007767E-05,0,0,0.06917012,0.05435029,0,0,1.401298E-45,9.225807E-20,2.489071E-10,2.422533E-17,0.01784218,1.585567E-08,0,0,0,0,0.3802536,0.2959345,0.08263694,0.0837438,0.002574259,0.0004802335,3.040915E-25,1.401298E-45,1.401298E-45,5.249287E-19,0.2152316,0.1152511,0.01086564,9.206348E-24,1.401298E-45,1.401298E-45,0,1.401298E-45,0,0,1.401298E-45,1.401298E-45,1.401298E-45,1.401298E-45,1.401298E-45,1.401298E-45,2.673346E-10,1.401298E-45,2.793036E-10,1.401298E-45,1.401298E-45,1.401298E-45,0.005432412,4.940978E-19,4.386234E-19,1.401298E-45,0,1.401298E-45,1.401298E-45,1.401298E-45,1.401298E-45,0.05088435,1.401298E-45,4.8288E-19,4.495241E-19,_,_,0,_,_
t,2024-01-03-10-33:38:3682,1,-1,-1,-1,71,71,Untagged,0.0001359513,3.418828E-05,0,0,0.06662285,0.05433899,0,0,1.401298E-45,4.582542E-20,1.236082E-10,1.203294E-17,0.01961524,7.8738E-09,0,0,0,0,0.3733339,0.2889306,0.0859337,0.08706126,0.002669617,0.0003264979,1.51045E-25,1.401298E-45,1.401298E-45,2.607368E-19,0.219349,0.1011829,0.01086564,4.572876E-24,1.401298E-45,1.401298E-45,0,1.401298E-45,0,0,1.401298E-45,1.401298E-45,1.401298E-45,1.401298E-45,1.401298E-45,1.401298E-45,1.327602E-10,1.401298E-45,1.387184E-10,1.401298E-45,1.401298E-45,1.401298E-45,0.005432618,2.454229E-19,2.178682E-19,1.401298E-45,0,1.401298E-45,1.401298E-45,1.401298E-45,1.401298E-45,0.1130191,1.401298E-45,2.398509E-19,2.232827E-19,_,_,0,_,_
t,2024-01-03-10-33:38:4038,1,-1,-1,-1,71,71,Untagged,0.0001121552,2.825331E-05,0,0,0.0660839,0.05433576,0,0,1.401298E-45,3.229675E-20,8.710938E-11,8.480554E-18,0.02012604,5.548793E-09,0,0,0,0,0.3733346,0.288934,0.08434965,0.08545645,0.002705134,0.0002693993,1.064532E-25,1.401298E-45,1.401298E-45,1.837616E-19,0.2120225,0.1103022,0.01086564,3.222863E-24,1.401298E-45,1.401298E-45,0,1.401298E-45,0,0,1.401298E-45,1.401298E-45,1.401298E-45,1.401298E-45,1.401298E-45,1.401298E-45,9.355923E-11,1.401298E-45,9.776192E-11,1.401298E-45,1.401298E-45,1.401298E-45,0.005432678,1.729686E-19,1.535487E-19,1.401298E-45,0,1.401298E-45,1.401298E-45,1.401298E-45,1.401298E-45,0.05764582,1.401298E-45,1.690416E-19,1.573648E-19,_,_,0,_,_
t,2024-01-03-10-33:38:4363,1,-1,-1,-1,71,71,Untagged,9.256059E-05,2.335079E-05,0,0,0.06575961,0.0543335,0,0,1.401298E-45,2.276218E-20,6.138912E-11,5.976945E-18,0.02048407,3.910407E-09,0,0,0,0,0.3757945,0.2914217,0.08432214,0.08543674,0.00273443,0.0002223667,7.502634E-26,1.401298E-45,1.401298E-45,1.29512E-19,0.2161829,0.099409,0.01086564,2.271417E-24,1.401298E-45,1.401298E-45,0,1.401298E-45,0,0,1.401298E-45,1.401298E-45,1.401298E-45,1.401298E-45,1.401298E-45,1.401298E-45,6.59347E-11,1.401298E-45,6.889869E-11,1.401298E-45,1.401298E-45,1.401298E-45,0.005432721,1.219053E-19,1.082185E-19,1.401298E-45,0,1.401298E-45,1.401298E-45,1.401298E-45,1.401298E-45,0.07681011,1.401298E-45,1.191376E-19,1.109079E-19,_,_,0,_,_
t,2024-01-03-10-33:38:4601,1,-1,-1,-1,71,71,Untagged,7.641375E-05,1.93003E-05,0,0,0.06555969,0.05433192,0,0,1.401298E-45,1.60423E-20,4.326337E-11,4.212422E-18,0.02073528,2.755804E-09,0,0,0,0,0.3757991,0.2914431,0.07377264,0.07474782,0.002758607,0.0007201637,5.287694E-26,1.401298E-45,1.401298E-45,9.127723E-20,0.2184553,0.1272297,0.01086564,1.600846E-24,1.401298E-45,1.401298E-45,0,1.401298E-45,0,0,1.401298E-45,1.401298E-45,1.401298E-45,1.401298E-45,1.401298E-45,1.401298E-45,4.64669E-11,1.401298E-45,4.855703E-11,1.401298E-45,1.401298E-45,1.401298E-45,0.005432751,8.59162E-20,7.627003E-20,1.401298E-45,0,1.401298E-45,1.401298E-45,1.401298E-45,1.401298E-45,0.09878757,1.401298E-45,8.39656E-20,7.81655E-20,_,_,0,_,_
t,2024-01-03-10-33:38:5148,1,-1,-1,-1,71,71,Untagged,6.310059E-05,1.595342E-05,0,0,0.06543384,0.05433082,0,0,1.401298E-45,1.130629E-20,3.04898E-11,2.968832E-18,0.02091166,1.94214E-09,0,0,0,0,0.3758144,0.2914498,0.07948009,0.08053076,0.002778564,0.0005927677,3.726662E-26,1.401298E-45,1.401298E-45,6.433039E-20,0.230184,0.1048618,0.01086564,1.128244E-24,1.401298E-45,1.401298E-45,0,1.401298E-45,0,0,1.401298E-45,1.401298E-45,1.401298E-45,1.401298E-45,1.401298E-45,1.401298E-45,3.274752E-11,1.401298E-45,3.422129E-11,1.401298E-45,1.401298E-45,1.401298E-45,0.005432772,6.055204E-20,5.375361E-20,1.401298E-45,0,1.401298E-45,1.401298E-45,1.401298E-45,1.401298E-45,0.1138824,1.401298E-45,5.91773E-20,5.50895E-20,_,_,0,_,_
t,2024-01-03-10-33:38:5483,1,-1,-1,-1,71,71,Untagged,5.211834E-05,1.318756E-05,0,0,0.0653532,0.05433005,0,0,1.401298E-45,7.968434E-21,2.148776E-11,2.092369E-18,0.02103558,1.368722E-09,0,0,0,0,0.363081,0.2785748,0.07948373,0.08049452,0.002795044,0.0004882884,2.626472E-26,1.401298E-45,1.401298E-45,4.533868E-20,0.2342656,0.1129562,0.01086564,7.951626E-25,1.401298E-45,1.401298E-45,0,1.401298E-45,0,0,1.401298E-45,1.401298E-45,1.401298E-45,1.401298E-45,1.401298E-45,1.401298E-45,2.307892E-11,1.401298E-45,2.4118E-11,1.401298E-45,1.401298E-45,1.401298E-45,0.005432786,4.267579E-20,3.78844E-20,1.401298E-45,0,1.401298E-45,1.401298E-45,1.401298E-45,1.401298E-45,0.1071519,1.401298E-45,4.17069E-20,3.88259E-20,_,_,0,_,_
t,2024-01-03-10-33:38:5815,1,-1,-1,-1,71,71,Untagged,4.305544E-05,1.09017E-05,0,0,0.06530073,0.0543295,0,0,1.401298E-45,5.616007E-21,1.514372E-11,1.474664E-18,0.0211227,9.646176E-10,0,0,0,0,0.3720551,0.2876482,0.079466,0.08050469,0.002808654,0.0004024853,1.85109E-26,1.401298E-45,1.401298E-45,3.195388E-20,0.2358121,0.1309378,0.01086564,5.604161E-25,1.401298E-45,1.401298E-45,0,1.401298E-45,0,0,1.401298E-45,1.401298E-45,1.401298E-45,1.401298E-45,1.401298E-45,1.401298E-45,1.626512E-11,1.401298E-45,1.699767E-11,1.401298E-45,1.401298E-45,1.401298E-45,0.005432797,3.007712E-20,2.670024E-20,1.401298E-45,0,1.401298E-45,1.401298E-45,1.401298E-45,1.401298E-45,0.1078999,1.401298E-45,2.939426E-20,2.736379E-20,_,_,0,_,_
t,2024-01-03-10-33:38:6186,1,-1,-1,-1,71,71,Untagged,3.557384E-05,9.012369E-06,0,0,0.06526614,0.05432912,0,0,1.401298E-45,3.958056E-21,1.067273E-11,1.039315E-18,0.02118396,6.798251E-10,0,0,0,0,0.3720562,0.2876529,0.07712857,0.07813673,0.002819898,0.0003319369,1.304613E-26,1.401298E-45,1.401298E-45,2.252049E-20,0.2297345,0.1272812,0.01086564,3.949707E-25,1.401298E-45,1.401298E-45,0,1.401298E-45,0,0,1.401298E-45,1.401298E-45,1.401298E-45,1.401298E-45,1.401298E-45,1.401298E-45,1.146307E-11,1.401298E-45,1.197949E-11,1.401298E-45,1.401298E-45,1.401298E-45,0.005432804,2.119778E-20,1.881782E-20,1.401298E-45,0,1.401298E-45,1.401298E-45,1.401298E-45,1.401298E-45,0.09206654,1.401298E-45,2.071652E-20,1.928548E-20,_,_,0,_,_
t,2024-01-03-10-33:38:6457,1,-1,-1,-1,71,71,Untagged,2.939581E-05,7.450642E-06,0,0,0.06524309,0.05432885,0,0,1.401298E-45,2.78954E-21,7.521721E-12,7.324836E-19,0.02122707,4.791128E-10,0,0,0,0,0.3874573,0.3032325,0.07587133,0.07690908,0.002829187,0.0002738741,9.19459E-27,1.401298E-45,1.401298E-45,1.587189E-20,0.2264399,0.1250569,0.01086564,2.783656E-25,1.401298E-45,1.401298E-45,0,1.401298E-45,0,0,1.401298E-45,1.401298E-45,1.401298E-45,1.401298E-45,1.401298E-45,1.401298E-45,8.078722E-12,1.401298E-45,8.442765E-12,1.401298E-45,1.401298E-45,1.401298E-45,0.005432809,1.493968E-20,1.326234E-20,1.401298E-45,0,1.401298E-45,1.401298E-45,1.401298E-45,1.401298E-45,0.09200493,1.401298E-45,1.460049E-20,1.359193E-20,_,_,0,_,_
t,2024-01-03-10-33:38:6998,1,-1,-1,-1,71,71,Untagged,2.007815E-05,5.092536E-06,0,0,0.06521708,0.05432853,0,0,1.401298E-45,1.385599E-21,3.736013E-12,3.638336E-19,0.02127876,2.379729E-10,0,0,0,0,0.368587,0.2841193,0.09236486,0.0935595,0.002843207,0.0007230939,4.567066E-27,1.401298E-45,1.401298E-45,7.883761E-21,0.213217,0.09724767,0.01086564,1.382676E-25,1.401298E-45,1.401298E-45,0,1.401298E-45,0,0,1.401298E-45,1.401298E-45,1.401298E-45,1.401298E-45,1.401298E-45,1.401298E-45,4.012677E-12,1.401298E-45,4.193561E-12,1.401298E-45,1.401298E-45,1.401298E-45,0.005432816,7.42072E-21,6.587565E-21,1.401298E-45,0,1.401298E-45,1.401298E-45,1.401298E-45,1.401298E-45,0.0879209,1.401298E-45,7.252244E-21,6.751279E-21,_,_,0,_,_
t,2024-01-03-10-33:38:7425,1,-1,-1,-1,71,71,Untagged,1.659549E-05,4.210304E-06,0,0,0.06520991,0.05432844,0,0,1.401298E-45,9.765323E-22,2.633009E-12,2.5642E-19,0.02129379,1.677146E-10,0,0,0,0,0.3659692,0.2814725,0.09238675,0.09357216,0.002306554,0.0005951605,3.218744E-27,1.401298E-45,1.401298E-45,5.55626E-21,0.2092145,0.1097759,0.01086564,9.744726E-26,1.401298E-45,1.401298E-45,0,1.401298E-45,0,0,1.401298E-45,1.401298E-45,1.401298E-45,1.401298E-45,1.401298E-45,1.401298E-45,2.827993E-12,1.401298E-45,2.955491E-12,1.401298E-45,1.401298E-45,1.401298E-45,0.005432818,5.229922E-21,4.642737E-21,1.401298E-45,0,1.401298E-45,1.401298E-45,1.401298E-45,1.401298E-45,0.1102632,1.401298E-45,5.111184E-21,4.758117E-21,_,_,0,_,_
t,2024-01-03-10-33:38:7803,1,-1,-1,-1,71,71,TaskPartner_Head,1.133961E-05,2.878009E-06,0,0,0.0652016,0.05432833,0,0,1.401298E-45,4.850549E-22,1.307823E-12,1.273668E-19,0.02131183,8.330413E-11,0,0,0,0,0.3607504,0.2762181,0.07998142,0.08099121,0.002488375,0.0004040926,1.598787E-27,1.401298E-45,1.401298E-45,2.759859E-21,0.2070488,0.1014106,0.01086564,4.840318E-26,1.401298E-45,1.401298E-45,0,1.401298E-45,0,0,1.401298E-45,1.401298E-45,1.401298E-45,1.401298E-45,1.401298E-45,1.401298E-45,1.404672E-12,1.401298E-45,1.468014E-12,1.401298E-45,1.401298E-45,1.401298E-45,0.00543282,2.597763E-21,2.306101E-21,1.401298E-45,0,1.401298E-45,1.401298E-45,1.401298E-45,1.401298E-45,0.05923558,1.401298E-45,2.538785E-21,2.363412E-21,_,_,0,_,_
t,2024-01-03-10-33:38:8164,1,-1,-1,-1,71,71,TaskPartner_Head,1.133961E-05,2.878009E-06,0,0,0.0652016,0.05432833,0,0,1.401298E-45,4.850549E-22,1.307823E-12,1.273668E-19,0.02131183,8.330413E-11,0,0,0,0,0.3607504,0.2762181,0.07998142,0.08099121,0.002488375,0.0004040926,1.598787E-27,1.401298E-45,1.401298E-45,2.759859E-21,0.2070488,0.1014106,0.01086564,4.840318E-26,1.401298E-45,1.401298E-45,0,1.401298E-45,0,0,1.401298E-45,1.401298E-45,1.401298E-45,1.401298E-45,1.401298E-45,1.401298E-45,1.404672E-12,1.401298E-45,1.468014E-12,1.401298E-45,1.401298E-45,1.401298E-45,0.00543282,2.597763E-21,2.306101E-21,1.401298E-45,0,1.401298E-45,1.401298E-45,1.401298E-45,1.401298E-45,0.05923558,1.401298E-45,2.538785E-21,2.363412E-21,_,_,0,_,_
t,2024-01-03-10-33:38:8831,1,-1,-1,-1,71,71,TaskPartner_Head,7.74958E-06,1.967383E-06,0,0,0.06519763,0.05432827,0,0,1.401298E-45,2.409347E-22,6.496088E-13,6.326518E-20,0.02132079,4.137796E-11,0,0,0,0,0.3628366,0.2783271,0.0799686,0.08098479,0.002611349,0.0008087806,7.941438E-28,1.401298E-45,1.401298E-45,1.370867E-21,0.2174984,0.1165306,0.01086564,2.404265E-26,1.401298E-45,1.401298E-45,0,1.401298E-45,0,0,1.401298E-45,1.401298E-45,1.401298E-45,1.401298E-45,1.401298E-45,1.401298E-45,6.977155E-13,1.401298E-45,7.291821E-13,1.401298E-45,1.401298E-45,1.401298E-45,0.005432821,1.290351E-21,1.145478E-21,1.401298E-45,0,1.401298E-45,1.401298E-45,1.401298E-45,1.401298E-45,0.04820282,1.401298E-45,1.261056E-21,1.173945E-21,_,_,0,_,_
t,2024-01-03-10-33:38:9246,1,-1,-1,-1,71,71,TaskPartner_Head,5.296684E-06,1.344914E-06,0,0,0.06519571,0.05432824,0,0,1.401298E-45,1.196752E-22,3.22666E-13,3.142459E-20,0.01297103,2.055275E-11,0,0,0,0,0.3636136,0.2791228,0.07321681,0.07414947,0.002694804,0.0005477843,3.94461E-28,1.401298E-45,1.401298E-45,6.809265E-22,0.249313,0.1060317,0.01086564,1.194228E-26,1.401298E-45,1.401298E-45,0,1.401298E-45,0,0,1.401298E-45,1.401298E-45,1.401298E-45,1.401298E-45,1.401298E-45,1.401298E-45,3.465611E-13,1.401298E-45,3.621923E-13,1.401298E-45,1.401298E-45,1.401298E-45,0.005432821,6.409334E-22,5.689731E-22,1.401298E-45,0,1.401298E-45,1.401298E-45,1.401298E-45,1.401298E-45,0.05993528,1.401298E-45,6.263819E-22,5.831132E-22,_,_,0,_,_
t,2024-01-03-10-33:38:9639,1,-1,-1,-1,71,71,TaskPartner_Head,4.379045E-06,1.111987E-06,0,0,0.06519516,0.05432824,0,0,1.401298E-45,8.434429E-23,2.274067E-13,2.214732E-20,0.01621766,1.448505E-11,0,0,0,0,0.3723224,0.2879352,0.0681271,0.06901833,0.002725907,0.0004513432,2.780069E-28,1.401298E-45,1.401298E-45,4.799011E-22,0.2400607,0.1131886,0.01086564,8.41664E-27,1.401298E-45,1.401298E-45,0,1.401298E-45,0,0,1.401298E-45,1.401298E-45,1.401298E-45,1.401298E-45,1.401298E-45,1.401298E-45,2.442474E-13,1.401298E-45,2.552643E-13,1.401298E-45,1.401298E-45,1.401298E-45,0.005432821,4.517149E-22,4.00999E-22,1.401298E-45,0,1.401298E-45,1.401298E-45,1.401298E-45,1.401298E-45,0.03286586,1.401298E-45,4.414593E-22,4.109645E-22,_,_,0,_,_
t,2024-01-03-10-33:39:0183,1,-1,-1,-1,71,71,TaskPartner_Head,2.99331E-06,7.601814E-07,0,0,0.0651945,0.05432823,0,0,1.401298E-45,4.189509E-23,1.129558E-13,1.100091E-20,0.01928731,7.194905E-12,0,0,0,0,0.3723224,0.2879352,0.0681271,0.06901833,0.002329622,0.0003069345,1.380902E-28,1.401298E-45,1.401298E-45,2.383741E-22,0.2120073,0.1362181,0.01086564,4.180673E-27,1.401298E-45,1.401298E-45,0,1.401298E-45,0,0,1.401298E-45,1.401298E-45,1.401298E-45,1.401298E-45,1.401298E-45,1.401298E-45,1.213208E-13,1.401298E-45,1.267933E-13,1.401298E-45,1.401298E-45,1.401298E-45,0.005432821,2.243736E-22,1.991823E-22,1.401298E-45,0,1.401298E-45,1.401298E-45,1.401298E-45,1.401298E-45,0.0507099,1.401298E-45,2.192795E-22,2.041323E-22,_,_,0,_,_
t,2024-01-03-10-33:39:0817,1,-1,-1,-1,71,71,TaskPartner_Head,2.474831E-06,6.28533E-07,0,0,0.06519432,0.05432823,0,0,1.401298E-45,2.952689E-23,7.960906E-14,7.753239E-21,0.02000439,5.070827E-12,0,0,0,0,0.3724644,0.288053,0.08498675,0.08609895,0.002425326,0.0007876948,9.732348E-29,1.401298E-45,1.401298E-45,1.680017E-22,0.2160538,0.1308572,0.01086564,2.946462E-27,1.401298E-45,1.401298E-45,0,1.401298E-45,0,0,1.401298E-45,1.401298E-45,1.401298E-45,1.401298E-45,1.401298E-45,1.401298E-45,8.550454E-14,1.401298E-45,8.936155E-14,1.401298E-45,1.401298E-45,1.401298E-45,0.005432821,1.581344E-22,1.4038E-22,1.401298E-45,0,1.401298E-45,1.401298E-45,1.401298E-45,1.401298E-45,0.03189478,1.401298E-45,1.545442E-22,1.438687E-22,_,_,0,_,_
t,2024-01-03-10-33:39:1149,1,-1,-1,-1,71,71,TaskPartner_Head,2.046167E-06,5.196819E-07,0,0,0.06519418,0.05432822,0,0,1.401298E-45,2.080983E-23,5.610642E-14,5.464292E-21,0.02045772,3.573788E-12,0,0,0,0,0.3735388,0.2891113,0.1001852,0.1015005,0.002503973,0.0006480502,6.859118E-29,1.401298E-45,1.401298E-45,1.184035E-22,0.218317,0.1274893,0.01086564,2.076593E-27,1.401298E-45,1.401298E-45,0,1.401298E-45,0,0,1.401298E-45,1.401298E-45,1.401298E-45,1.401298E-45,1.401298E-45,1.401298E-45,6.026141E-14,1.401298E-45,6.297977E-14,1.401298E-45,1.401298E-45,1.401298E-45,0.005432821,1.114492E-22,9.893637E-23,1.401298E-45,0,1.401298E-45,1.401298E-45,1.401298E-45,1.401298E-45,0.03813901,1.401298E-45,1.089189E-22,1.013951E-22,_,_,0,_,_
t,2024-01-03-10-33:39:1470,1,-1,-1,-1,71,71,TaskPartner_Head,1.691771E-06,4.296845E-07,0,0,0.06519409,0.05432822,0,0,1.401298E-45,1.466637E-23,3.954268E-14,3.851128E-21,0.007193665,2.518734E-12,0,0,0,0,0.3755007,0.2910953,0.1002484,0.1015723,0.002568667,0.0005336238,4.834175E-29,1.401298E-45,1.401298E-45,8.34485E-23,0.2196264,0.1037157,0.01086564,1.463543E-27,1.401298E-45,1.401298E-45,0,1.401298E-45,0,0,1.401298E-45,1.401298E-45,1.401298E-45,1.401298E-45,1.401298E-45,1.401298E-45,4.247104E-14,1.401298E-45,4.438691E-14,1.401298E-45,1.401298E-45,1.401298E-45,0.005432821,7.85473E-23,6.972846E-23,1.401298E-45,0,1.401298E-45,1.401298E-45,1.401298E-45,1.401298E-45,0.04333418,1.401298E-45,7.676398E-23,7.146134E-23,_,_,0,_,_
t,2024-01-03-10-33:39:1884,1,-1,-1,-1,71,71,TaskPartner_Head,1.1565E-06,2.937454E-07,0,0,0.08422062,0.06022624,0,0,1.401298E-45,7.284891E-24,1.96411E-14,1.912883E-21,0.01182771,1.251071E-12,0,0,0,0,0.3262914,0.2414459,0.04959117,0.05014974,0.002665821,0.0008939737,2.40117E-29,1.401298E-45,1.401298E-45,4.144948E-23,0.2456412,0.1294335,0.01086564,7.269526E-28,1.401298E-45,1.401298E-45,0,1.401298E-45,0,0,1.401298E-45,1.401298E-45,1.401298E-45,1.401298E-45,1.401298E-45,1.401298E-45,2.109564E-14,1.401298E-45,2.204728E-14,1.401298E-45,1.401298E-45,1.401298E-45,0.005432821,3.901501E-23,3.463463E-23,1.401298E-45,0,1.401298E-45,1.401298E-45,1.401298E-45,1.401298E-45,0.001783093,1.401298E-45,3.812923E-23,3.549537E-23,_,_,0,_,_
t,2024-01-03-10-33:39:2561,1,-1,-1,-1,71,71,TaskPartner_Head,0.02202892,0.01596092,0,0,0.124298,0.0864881,0,0,1.401298E-45,3.618534E-24,9.75607E-15,9.501629E-22,0.000217095,0.2134042,0.08782798,0.2718985,0,0.01084725,0.07609272,0,0,0,0.007453089,0.001553423,1.192704E-29,1.401298E-45,1.401298E-45,2.058869E-23,0.2693673,0.1958651,0.01086564,3.610901E-28,1.401298E-45,1.401298E-45,0,1.401298E-45,0,0,1.401298E-45,1.401298E-45,1.401298E-45,1.401298E-45,1.401298E-45,1.401298E-45,1.047856E-14,1.401298E-45,1.095127E-14,1.401298E-45,1.401298E-45,1.401298E-45,0.005432821,1.937944E-23,1.720363E-23,1.401298E-45,0,0.008447499,1.401298E-45,1.401298E-45,1.401298E-45,0.0001221993,1.401298E-45,1.893946E-23,1.763118E-23,_,_,0,_,_
t,2024-01-03-10-33:39:2915,1,-1,-1,-1,71,71,TaskPartner_ETC,0.02728078,0.03017164,0,0,0.1290689,0.09914187,0,0,1.401298E-45,2.550281E-24,6.875908E-15,6.696586E-22,0.0001237243,0.2433497,0.09149838,0.3117963,0.02714282,0.1165927,0,0,0,0,0.008965939,0.001792138,8.405971E-30,1.401298E-45,1.401298E-45,1.451056E-23,0.2398097,0.1757793,0.01086564,2.544902E-28,1.401298E-45,1.401298E-45,0,1.401298E-45,0,0,1.401298E-45,1.401298E-45,1.401298E-45,1.401298E-45,1.401298E-45,1.401298E-45,7.385108E-15,1.401298E-45,7.718266E-15,1.401298E-45,1.401298E-45,1.401298E-45,0.005432821,1.36583E-23,1.212483E-23,1.401298E-45,0,0.00962189,1.401298E-45,1.401298E-45,1.401298E-45,3.793808E-05,1.401298E-45,1.334821E-23,1.242615E-23,_,_,0,_,_
t,2024-01-03-10-33:39:3188,1,-1,-1,-1,71,71,Untagged,0.02728078,0.03017164,0,0,0.1290689,0.09914187,0,0,1.401298E-45,2.550281E-24,6.875908E-15,6.696586E-22,0.0001237243,0.2433497,0.09149838,0.3117963,0.02714282,0.1165927,0,0,0,0,0.008965939,0.001792138,8.405971E-30,1.401298E-45,1.401298E-45,1.451056E-23,0.2398097,0.1757793,0.01086564,2.544902E-28,1.401298E-45,1.401298E-45,0,1.401298E-45,0,0,1.401298E-45,1.401298E-45,1.401298E-45,1.401298E-45,1.401298E-45,1.401298E-45,7.385108E-15,1.401298E-45,7.718266E-15,1.401298E-45,1.401298E-45,1.401298E-45,0.005432821,1.36583E-23,1.212483E-23,1.401298E-45,0,0.00962189,1.401298E-45,1.401298E-45,1.401298E-45,3.793808E-05,1.401298E-45,1.334821E-23,1.242615E-23,_,_,0,_,_
t,2024-01-03-10-33:39:3664,1,-1,-1,-1,71,71,TaskCube,0.03071969,0.0385187,0,0,0.1527927,0.1152661,0,0,1.401298E-45,1.797375E-24,4.845968E-15,4.719589E-22,9.468198E-05,0.3011788,0.0921772,0.3595898,0.1025704,0.1946011,0,0,0,0,0.01011351,0.001986264,5.924321E-30,1.401298E-45,1.401298E-45,1.022668E-23,0.1945887,0.1696842,0.01086564,1.793584E-28,1.401298E-45,1.401298E-45,0,1.401298E-45,0,0,1.401298E-45,1.401298E-45,1.401298E-45,1.401298E-45,1.401298E-45,1.401298E-45,5.20484E-15,1.401298E-45,5.439642E-15,1.401298E-45,1.401298E-45,1.401298E-45,0.005432821,9.626033E-24,8.545278E-24,1.401298E-45,0,0.01019454,1.401298E-45,1.401298E-45,1.401298E-45,1.30416E-05,1.401298E-45,9.407488E-24,8.757644E-24,_,_,0,_,_
t,2024-01-03-10-33:39:4310,1,-1,-1,-1,71,71,TaskCube,0.04001527,0.05889978,0,0,0.1345437,0.1046825,0,0,1.401298E-45,6.292085E-25,1.69643E-15,1.65219E-22,3.219396E-05,0.2034389,0.07429913,0.2711005,0.07945811,0.1752326,0,0,0,0,0.01222042,0.00237994,2.073931E-30,1.401298E-45,1.401298E-45,3.580062E-24,0.1465554,0.200561,0.01086564,0.00589816,1.401298E-45,1.401298E-45,0,1.401298E-45,0,0,1.401298E-45,1.401298E-45,1.401298E-45,1.401298E-45,1.401298E-45,1.401298E-45,1.822061E-15,1.401298E-45,1.904259E-15,1.401298E-45,1.401298E-45,1.401298E-45,0.005432821,3.369793E-24,2.991452E-24,1.401298E-45,0,0.005482325,1.401298E-45,1.401298E-45,1.401298E-45,8.925638E-07,1.401298E-45,3.293286E-24,3.065795E-24,_,_,0,_,_
t,2024-01-03-10-33:39:4658,1,-1,-1,-1,71,71,TaskArea_Pick,0.04575488,0.0613548,0,0,0.1431067,0.1038536,0,0,1.401298E-45,4.434513E-25,1.195604E-15,1.164424E-22,3.715605E-05,0.2309324,0.07562605,0.2959139,0.02790849,0.1224377,0,0,0,0,0.01264702,0.002466875,1.461658E-30,1.401298E-45,1.401298E-45,2.523143E-24,0.1457051,0.189183,0.01086564,0.003800437,1.401298E-45,1.401298E-45,0,1.401298E-45,0,0,1.401298E-45,1.401298E-45,1.401298E-45,1.401298E-45,1.401298E-45,1.401298E-45,1.284145E-15,1.401298E-45,1.342077E-15,1.401298E-45,1.401298E-45,1.401298E-45,0.005432821,2.37495E-24,2.108305E-24,1.401298E-45,0,0.007798205,1.401298E-45,1.401298E-45,1.401298E-45,4.219534E-07,1.401298E-45,2.321031E-24,2.1607E-24,_,_,0,_,_
t,2024-01-03-10-33:39:5051,1,-1,-1,-1,71,71,TaskArea_Pick,0.04949842,0.06298851,0,0,0.1370899,0.1035152,0,0,1.401298E-45,3.125369E-25,8.426409E-16,8.206665E-23,2.605468E-05,0.2041612,0.06922679,0.2667298,0.01097058,0.1055482,0,0,0,0,0.01298722,0.002538285,1.030152E-30,1.401298E-45,1.401298E-45,1.778268E-24,0.1455409,0.1817327,0.01086564,0.002485721,1.401298E-45,1.401298E-45,0,1.401298E-45,0,0,1.401298E-45,1.401298E-45,1.401298E-45,1.401298E-45,1.401298E-45,1.401298E-45,9.050435E-16,1.401298E-45,9.458726E-16,1.401298E-45,1.401298E-45,1.401298E-45,0.005432821,1.673824E-24,1.485897E-24,1.401298E-45,0,0.009057827,1.401298E-45,1.401298E-45,1.401298E-45,2.115391E-07,1.401298E-45,1.635823E-24,1.522824E-24,_,_,0,_,_
t,2024-01-03-10-33:39:5496,1,-1,-1,-1,71,71,TaskCube,0.05666418,0.07648195,0,0,0.1434524,0.1033671,0,0,1.401298E-45,2.202703E-25,5.93878E-16,5.783909E-23,3.283471E-05,0.1965116,0.07333131,0.2635351,0,0.08617943,0.008438651,0,0,0,0.01326014,0.00259701,7.260322E-31,1.401298E-45,1.401298E-45,1.253291E-24,0.1333387,0.1767953,0.01086564,0.006868283,0.005898132,1.401298E-45,0,1.401298E-45,0,0,1.401298E-45,1.401298E-45,1.401298E-45,1.401298E-45,1.401298E-45,1.401298E-45,6.378582E-16,1.401298E-45,6.666339E-16,1.401298E-45,1.401298E-45,1.401298E-45,0.005432821,1.179681E-24,1.047233E-24,1.401298E-45,0,0.009769097,1.401298E-45,1.401298E-45,1.401298E-45,1.116316E-07,1.401298E-45,1.152898E-24,1.073259E-24,_,_,0,_,_
t,2024-01-03-10-33:39:6121,1,-1,-1,-1,71,71,TaskCube,0.08353546,0.120182,0,0,0.153486,0.1233639,0,0,1.401298E-45,1.552422E-25,4.185536E-16,4.076386E-23,0.0008076131,0.2430162,0.1595358,0.368238,0,0.05871807,0.03491122,0,0,0,0.01823737,0.0116523,5.116933E-31,1.401298E-45,1.401298E-45,8.832952E-25,0.1469357,0.1961783,0.01086564,0.008845805,0.003800447,1.401298E-45,0,1.401298E-45,0,0,1.401298E-45,1.401298E-45,1.401298E-45,1.401298E-45,1.401298E-45,1.401298E-45,4.4955E-16,1.401298E-45,4.698306E-16,1.401298E-45,1.401298E-45,1.401298E-45,0.005432821,8.314162E-25,7.380697E-25,1.401298E-45,0,0.01018408,0.005898147,1.401298E-45,1.401298E-45,6.158874E-08,1.401298E-45,8.125402E-25,7.564121E-25,_,_,0,_,_
t,2024-01-03-10-33:39:6481,1,-1,-1,-1,71,71,TaskArea_Put,0.0572224,0.1081188,0,0,0.1291301,0.1133689,0,0,1.401298E-45,8.447288E-26,2.277501E-16,2.218108E-23,0.02144656,0.1362529,0.3339659,0.4038054,0,0,0.4041922,0.3133591,0,0,0.0124653,0.008784311,2.784307E-31,1.401298E-45,1.401298E-45,4.806327E-25,0.1327195,0.1030057,0.01086564,0.01009688,0.001876434,1.401298E-45,0,1.401298E-45,0,0,1.401298E-45,1.401298E-45,1.401298E-45,1.401298E-45,1.401298E-45,1.401298E-45,2.446163E-16,1.401298E-45,2.556517E-16,1.401298E-45,1.401298E-45,1.401298E-45,0.005432821,4.524034E-25,4.016103E-25,1.401298E-45,0,0.01054195,0.002856737,1.401298E-45,1.401298E-45,2.574071E-08,1.401298E-45,4.421324E-25,4.11591E-25,_,_,0,_,_
t,2024-01-03-10-33:39:6915,1,-1,-1,-1,71,71,TaskArea_Put,0.1206791,0.2152779,0,0,0.1759834,0.1779484,0,0,0.005898175,4.195902E-26,1.131271E-16,1.10177E-23,0.003542021,0.3720465,0.2283501,0.4321818,0,0,0.6408632,0.552941,0,0,0.01794099,0.01632893,1.38301E-31,1.401298E-45,1.401298E-45,2.387379E-25,0.1686527,0.1565188,0.01086564,0.01060482,0.0008455443,1.401298E-45,0,1.401298E-45,0,0,1.401298E-45,1.401298E-45,1.401298E-45,1.401298E-45,1.401298E-45,1.401298E-45,0.008447512,1.401298E-45,0.005898175,1.401298E-45,1.401298E-45,1.401298E-45,0.005432821,2.24716E-25,1.994862E-25,1.401298E-45,0,0.04480135,0.05709391,1.401298E-45,1.401298E-45,9.708605E-09,1.401298E-45,2.196142E-25,0.005898175,_,_,0,_,_
t,2024-01-03-10-33:39:7312,1,-1,-1,-1,71,71,Untagged,0.140768,0.2344424,0,0,0.1647648,0.1628295,0,0,0.003800451,2.957177E-26,7.97294E-17,7.765025E-24,0.000385806,0.3323349,0.134019,0.4064375,0,0,0.6472512,0.5592726,0,0,0.0214676,0.02054234,9.747141E-32,1.401298E-45,1.401298E-45,1.682571E-25,0.1552272,0.193025,0.01086564,0.0107068,0.0005744565,1.401298E-45,0,1.401298E-45,0,0,1.401298E-45,1.401298E-45,1.401298E-45,1.401298E-45,1.401298E-45,1.401298E-45,0.009621911,1.401298E-45,0.008447542,1.401298E-45,1.401298E-45,1.401298E-45,0.005432821,1.583747E-25,1.405934E-25,1.401298E-45,0,0.03550335,0.04444676,1.401298E-45,1.401298E-45,6.161405E-09,1.401298E-45,1.547791E-25,0.008447542,_,_,0,_,_
t,2024-01-03-10-33:39:7975,1,-1,-1,-1,71,71,Untagged,0.1423382,0.1951715,0,0,0.1279207,0.1046713,0,0,0.001646308,1.468862E-26,3.960245E-17,3.856972E-24,1.955032E-05,0.1392141,0.06359471,0.2007763,0,0,0.6134812,0.5251927,0,0,0.02874978,0.02170311,4.84151E-32,1.401298E-45,1.401298E-45,8.357512E-26,0.147612,0.1909121,0.01086564,0.0108026,0.0002698936,1.401298E-45,0,1.401298E-45,0,0,1.401298E-45,1.401298E-45,1.401298E-45,1.401298E-45,1.401298E-45,1.401298E-45,0.003238048,1.401298E-45,0.003137692,1.401298E-45,1.401298E-45,1.401298E-45,0.005432821,7.866645E-26,6.983425E-26,1.401298E-45,0,0.008710079,0.01238716,1.401298E-45,1.401298E-45,2.607172E-09,1.401298E-45,7.688045E-26,0.005488895,_,_,0,_,_
t,2024-01-03-10-33:39:8391,1,-1,-1,-1,71,71,TaskSelf_Hand,0.1356545,0.1573986,0,0,0.1095921,0.0822574,0,0,0.001101863,1.035219E-26,2.791088E-17,2.718303E-24,1.687184E-05,0.0747668,0.06121829,0.1355776,0,0,0.5377385,0.4481615,0,0,0.02552766,0.017041,3.412183E-32,1.401298E-45,1.401298E-45,5.890178E-26,0.1465728,0.1797286,0.01086564,0.01082484,0.0001862804,1.401298E-45,0,1.401298E-45,0,0,1.401298E-45,1.401298E-45,1.401298E-45,1.401298E-45,1.401298E-45,1.401298E-45,0.001965684,1.401298E-45,0.0019795,1.401298E-45,1.401298E-45,1.401298E-45,0.005432821,5.544226E-26,4.921754E-26,1.401298E-45,0,0.003556773,0.004664753,1.401298E-45,1.401298E-45,1.729426E-09,1.401298E-45,5.418353E-26,0.003238043,_,_,0,_,_
t,2024-01-03-10-33:39:8782,1,-1,-1,-1,71,71,TaskSelf_ETC,0.1152622,0.1287887,0,0,0.1050684,0.08888689,0,0,0.0007439578,7.296001E-27,1.967098E-17,1.915801E-24,1.621991E-05,0.1028854,0.06088982,0.1629268,0,0,0.5014157,0.4109471,0,0,0.02312729,0.013702,2.404833E-32,1.401298E-45,1.401298E-45,4.15127E-26,0.1357851,0.1739389,0.01086564,0.01083886,0.0001290331,1.401298E-45,0,1.401298E-45,0,0,1.401298E-45,1.401298E-45,1.401298E-45,1.401298E-45,1.401298E-45,1.401298E-45,0.001222645,1.401298E-45,0.001271922,1.401298E-45,1.401298E-45,1.401298E-45,0.005432821,3.907451E-26,3.468746E-26,1.401298E-45,0,0.001566519,0.001910748,1.401298E-45,1.401298E-45,1.158993E-09,1.401298E-45,3.818738E-26,0.001965685,_,_,0,_,_
t,2024-01-03-10-33:39:9161,1,-1,-1,-1,71,71,TaskSelf_ETC,0.1158177,0.1189465,0,0,0.1038187,0.07943122,0,0,0.000505987,5.142069E-27,1.38637E-17,1.350216E-24,1.646578E-05,0.07362655,0.06083694,0.134073,0,0,0.4861672,0.3957817,0,0,0.02131046,0.01125973,1.694876E-32,1.401298E-45,1.401298E-45,2.925728E-26,0.1323091,0.1487823,0.01086564,0.01084785,8.964549E-05,1.401298E-45,0,1.401298E-45,0,0,1.401298E-45,1.401298E-45,1.401298E-45,1.401298E-45,1.401298E-45,1.401298E-45,0.0007762698,1.401298E-45,0.0008299621,1.401298E-45,1.401298E-45,1.401298E-45,0.005432821,2.753889E-26,2.444699E-26,1.401298E-45,0,0.0007378743,0.0008438731,1.401298E-45,1.401298E-45,7.833754E-10,1.401298E-45,2.691367E-26,0.001222646,_,_,0,_,_
t,2024-01-03-10-33:39:9814,1,-1,-1,-1,71,71,TaskSelf_ETC,0.09813036,0.09411674,0,0,0.09567792,0.07638551,0,0,0.0002381189,2.554144E-27,6.88631E-18,6.706731E-25,2.522022E-06,0.05319763,0.03782816,0.09094176,0,0,0.3666038,0.2751021,0,0,0.01883396,0.006739086,8.418706E-33,1.401298E-45,1.401298E-45,1.453254E-26,0.09666372,0.1237106,0.01086564,0.002569248,4.357287E-05,1.401298E-45,0,1.401298E-45,0,0,1.401298E-45,1.401298E-45,1.401298E-45,1.401298E-45,1.401298E-45,1.401298E-45,0.0003286988,1.401298E-45,0.0003665854,1.401298E-45,1.401298E-45,1.401298E-45,0.005432821,1.367899E-26,1.214319E-26,1.401298E-45,0,0.004712617,0.0001995457,1.401298E-45,1.401298E-45,3.651791E-10,1.401298E-45,1.336843E-26,0.0005014725,_,_,0,_,_
t,2024-01-03-10-33:40:0224,1,-1,-1,-1,71,71,TaskSelf_ETC,0.1035777,0.1037576,0,0,0.0998491,0.07617731,0,0,0.0001644525,1.800112E-27,4.853338E-18,4.726775E-25,1.059845E-05,0.03629079,0.05330896,0.08951577,0,0,0.3134222,0.2222584,0,0,0.02198684,0.005970298,5.933342E-33,1.401298E-45,1.401298E-45,1.024225E-26,0.1668262,0.1321856,0.01086564,0.006016033,3.046072E-05,1.401298E-45,0,1.401298E-45,0,0,1.401298E-45,1.401298E-45,1.401298E-45,1.401298E-45,1.401298E-45,1.401298E-45,0.0002180944,1.401298E-45,0.0002471741,1.401298E-45,1.401298E-45,1.401298E-45,0.005432821,9.640689E-27,8.55829E-27,1.401298E-45,0,0.002416765,0.000105205,1.401298E-45,1.401298E-45,2.513041E-10,1.401298E-45,9.421812E-27,0.0003286994,_,_,0,_,_
t,2024-01-03-10-33:40:0577,1,-1,-1,-1,71,71,TaskSelf_ETC,0.1072474,0.1025097,0,0,0.1016126,0.076106,0,0,0.000113971,1.26867E-27,3.420501E-18,3.331303E-25,0.0121131,8.452684E-06,0.06255209,0.0504592,0,0,0.3123995,0.221288,0,0,0.02426626,0.005367816,4.181659E-33,1.401298E-45,1.401298E-45,7.218462E-27,0.2285413,0.1358145,0.01086564,0.007944574,2.132399E-05,1.401298E-45,0,1.401298E-45,0,0,1.401298E-45,1.401298E-45,1.401298E-45,1.401298E-45,1.401298E-45,1.401298E-45,0.0001461881,1.401298E-45,0.000167917,1.401298E-45,1.401298E-45,1.401298E-45,0.005432821,6.794497E-27,6.031651E-27,1.401298E-45,0,0.001300714,5.799581E-05,1.401298E-45,1.401298E-45,1.73646E-10,1.401298E-45,6.640237E-27,0.0002180919,_,_,0,_,_
t,2024-01-03-10-33:40:0953,1,-1,-1,-1,71,71,TaskSelf_ETC,0.1093651,0.09452125,0,0,0.1027905,0.07606861,0,0,5.518985E-05,6.301648E-28,1.699008E-18,1.654701E-25,0.02143599,4.35859E-07,0.04294614,0.02151718,0,0,0.4388722,0.3529393,0,0,0.0205397,0.003407608,2.077084E-33,1.401298E-45,1.401298E-45,3.585504E-27,0.1832861,0.1262995,0.01086564,0.009726083,1.048476E-05,1.401298E-45,0,1.401298E-45,0,0,1.401298E-45,1.401298E-45,1.401298E-45,1.401298E-45,1.401298E-45,1.401298E-45,6.728579E-05,1.401298E-45,7.888464E-05,1.401298E-45,1.401298E-45,1.401298E-45,0.008109377,3.374915E-27,2.996E-27,1.401298E-45,0,0.0004246054,1.967126E-05,1.401298E-45,1.401298E-45,8.370941E-11,1.401298E-45,3.298293E-27,9.882738E-05,_,_,0,_,_
t,2024-01-03-10-33:40:1580,1,-1,-1,-1,71,71,TaskSelf_ETC,0.1126428,0.09303297,0,0,0.09407115,0.07606179,0,0,2.693985E-05,3.130066E-28,8.43907E-19,8.218999E-26,0.001115749,5.103648E-07,0.02238842,0.0212733,0,0,0.3043166,0.2176996,0,0,0.01834629,0.002666562,1.0317E-33,1.401298E-45,1.401298E-45,1.780941E-27,0.1149325,0.1338528,0.01086564,0.01038728,5.171742E-06,1.401298E-45,0,1.401298E-45,0,0,1.401298E-45,1.401298E-45,1.401298E-45,1.401298E-45,1.401298E-45,1.401298E-45,3.171471E-05,1.401298E-45,3.771107E-05,1.401298E-45,1.401298E-45,1.401298E-45,0.006631562,1.67634E-27,1.488131E-27,1.401298E-45,0,0.0001568192,7.469872E-06,1.401298E-45,1.401298E-45,4.073499E-11,1.401298E-45,1.638281E-27,4.608106E-05,_,_,0,_,_
t,2024-01-03-10-33:40:1994,1,-1,-1,-1,71,71,TaskSelf_ETC,0.1110125,0.09137583,0,0,0.09313481,0.07606074,0,0,1.886323E-05,2.206011E-28,5.947698E-19,5.792596E-26,0.01510499,4.190952E-09,0.02161193,0.006507488,0,0,0.2816174,0.1947988,0,0,0.01759348,0.00215714,7.271227E-34,1.401298E-45,1.401298E-45,1.255174E-27,0.09634815,0.1563297,0.01086564,0.01054929,3.635467E-06,1.401298E-45,0,1.401298E-45,0,0,1.401298E-45,1.401298E-45,1.401298E-45,1.401298E-45,1.401298E-45,1.401298E-45,2.191636E-05,1.401298E-45,2.619915E-05,1.401298E-45,1.401298E-45,1.401298E-45,0.006245364,1.181453E-27,1.048806E-27,1.401298E-45,0,9.871738E-05,4.753164E-06,1.401298E-45,1.401298E-45,2.84895E-11,1.401298E-45,1.15463E-27,3.171472E-05,_,_,0,_,_
t,2024-01-03-10-33:40:2385,1,-1,-1,-1,71,71,TaskSelf_ETC,0.1097303,0.08383541,0,0,0.09273341,0.07606021,0,0,1.322285E-05,1.554751E-28,4.191815E-19,4.082503E-26,0.01683333,9.313226E-10,0.02141371,0.004580912,0,0,0.2693198,0.1823993,0,0,0.01394352,0.001751591,5.124612E-34,1.401298E-45,1.401298E-45,8.846206E-28,0.1133618,0.1485376,0.01086564,0.01065418,2.55669E-06,1.401298E-45,0,1.401298E-45,0,0,1.401298E-45,1.401298E-45,1.401298E-45,1.401298E-45,1.401298E-45,1.401298E-45,1.519647E-05,1.401298E-45,1.824643E-05,1.401298E-45,1.401298E-45,1.401298E-45,0.005987257,8.32664E-28,7.391773E-28,1.401298E-45,0,6.331337E-05,3.076238E-06,1.401298E-45,1.401298E-45,1.995156E-11,1.401298E-45,8.137594E-28,2.19163E-05,_,_,0,_,_
t,2024-01-03-10-33:40:2689,1,-1,-1,-1,71,71,TaskSelf_ETC,0.1087137,0.08694616,0,0,0.0968647,0.07605992,0,0,9.277713E-06,1.095761E-28,2.954317E-19,2.877276E-26,0.01706814,9.313226E-10,0.0213572,0.004289598,0,0,0.268658,0.181812,0,0,0.01403528,0.001949823,3.611736E-34,1.401298E-45,1.401298E-45,6.23465E-28,0.1213852,0.1444983,0.01086564,0.01072302,1.798703E-06,1.401298E-45,0,1.401298E-45,0,0,1.401298E-45,1.401298E-45,1.401298E-45,1.401298E-45,1.401298E-45,1.401298E-45,1.056664E-05,1.401298E-45,1.273386E-05,1.401298E-45,1.401298E-45,1.401298E-45,0.009700535,5.868468E-28,5.20959E-28,1.401298E-45,0,4.124963E-05,2.019516E-06,1.401298E-45,1.401298E-45,1.398774E-11,1.401298E-45,5.735233E-28,1.51965E-05,_,_,0,_,_
t,2024-01-03-10-33:40:3365,1,-1,-1,-1,71,71,TaskSelf_Hand,0.1024701,0.08668121,0,0,0.1007181,0.07605965,0,0,4.577395E-06,5.442821E-29,1.467456E-19,1.429189E-26,0.001086651,9.313226E-10,0.005315424,0.004228774,0,0,0.2744721,0.1877334,0,0,0.01417251,0.00129523,1.794007E-34,1.401298E-45,1.401298E-45,3.09685E-28,0.1570018,0.1410822,0.01086564,0.01079937,8.910434E-07,1.401298E-45,0,1.401298E-45,0,0,1.401298E-45,1.401298E-45,1.401298E-45,1.401298E-45,1.401298E-45,1.401298E-45,5.142539E-06,1.401298E-45,6.231699E-06,1.401298E-45,1.401298E-45,1.401298E-45,0.009160059,2.914961E-28,2.587686E-28,1.401298E-45,0,0.005724163,9.003311E-07,1.401298E-45,1.401298E-45,6.892922E-12,1.401298E-45,2.848781E-28,7.364421E-06,_,_,0,_,_
t,2024-01-03-10-33:40:3719,1,-1,-1,-1,71,71,TaskSelf_Hand,0.09782714,0.08927625,0,0,0.09642248,0.0760596,0,0,3.217933E-06,3.83601E-29,1.034239E-19,1.007269E-26,8.754432E-08,0.001050004,0.01354305,0.01459294,0,0,0.2614346,0.1745935,0,0,0.01152003,0.001579601,1.264386E-34,1.401298E-45,1.401298E-45,2.182608E-28,0.1426247,0.1403675,0.01086564,0.01082009,6.273605E-07,1.401298E-45,0,1.401298E-45,0,0,1.401298E-45,1.401298E-45,1.401298E-45,1.401298E-45,1.401298E-45,1.401298E-45,3.596753E-06,1.401298E-45,4.367589E-06,1.401298E-45,1.401298E-45,1.401298E-45,0.007774888,2.054417E-28,1.823759E-28,1.401298E-45,0,0.003538847,6.092066E-07,1.401298E-45,1.401298E-45,4.843579E-12,1.401298E-45,2.007774E-28,5.142553E-06,_,_,0,_,_
t,2024-01-03-10-33:40:4135,1,-1,-1,-1,71,71,Untagged,0.08992416,0.0774927,0,0,0.09444619,0.06986729,0,0,2.263205E-06,2.703547E-29,7.289121E-20,7.099039E-27,0.01354855,4.656613E-10,0.01732857,0.003780265,0,0,0.2536605,0.1668781,0,0,0.01205781,0.001290173,8.911155E-35,1.401298E-45,1.401298E-45,1.538261E-28,0.1363342,0.1036407,0.01086564,0.0108342,4.417838E-07,1.401298E-45,0,1.401298E-45,0,0,1.401298E-45,1.401298E-45,1.401298E-45,1.401298E-45,1.401298E-45,1.401298E-45,2.518927E-06,1.401298E-45,3.064035E-06,1.401298E-45,1.401298E-45,1.401298E-45,0.00693265,1.447914E-28,1.285351E-28,1.401298E-45,0,0.002235349,4.15086E-07,1.401298E-45,1.401298E-45,3.40527E-12,1.401298E-45,1.415041E-28,3.59675E-06,_,_,0,_,_
t,2024-01-03-10-33:40:4548,1,-1,-1,-1,71,71,Untagged,0.08478881,0.06157362,0,0,0.09348365,0.06734938,0,0,1.592297E-06,1.905393E-29,5.137192E-20,5.003226E-27,0.004052354,0,0.005152032,0.001099682,0,0.01993529,0.06649697,0,0,0,0.01249341,0.001055996,6.280361E-35,1.401298E-45,1.401298E-45,1.084128E-28,0.1408903,0.08089583,0.01086564,0.005009479,3.111439E-07,1.401298E-45,0,1.401298E-45,0,0,1.401298E-45,1.401298E-45,1.401298E-45,1.401298E-45,1.401298E-45,1.401298E-45,1.766005E-06,1.401298E-45,2.151236E-06,1.401298E-45,1.401298E-45,1.401298E-45,0.006408724,1.020454E-28,9.058832E-29,1.401298E-45,0,0.0014378,2.844558E-07,1.401298E-45,1.401298E-45,2.395069E-12,1.401298E-45,9.972858E-29,2.518904E-06,_,_,0,_,_
t,2024-01-03-10-33:40:5247,1,-1,-1,-1,71,71,TaskArea_Put,0.05523597,0.05423861,0,0,0.09257917,0.0654911,0,0,5.554231E-07,6.670253E-30,1.798389E-20,1.751491E-27,0.0001962684,0,0.0002459697,4.970123E-05,0,0,0.1191526,0.03295009,0,0,0.01078337,0.0005844685,2.198581E-35,1.401298E-45,1.401298E-45,3.795233E-29,0.1206341,0.09350966,0.01086564,0.004060642,1.087672E-07,1.401298E-45,0,1.401298E-45,0,0,1.401298E-45,1.401298E-45,1.401298E-45,1.401298E-45,1.401298E-45,1.401298E-45,6.115403E-07,1.401298E-45,7.471472E-07,1.401298E-45,1.401298E-45,1.401298E-45,0.005721714,3.572327E-29,3.171246E-29,1.401298E-45,0,0.0004153073,9.392912E-08,1.401298E-45,1.401298E-45,8.349108E-13,1.401298E-45,3.491222E-29,8.702771E-07,_,_,0,_,_
t,2024-01-03-10-33:40:5590,1,-1,-1,-1,71,71,TaskArea_Put,0.05010657,0.04837548,0,0,0.09249429,0.06536188,0,0,3.911364E-07,4.701078E-30,1.267473E-20,1.23442E-27,8.463202E-05,0,0.0001056711,2.103912E-05,0,0,0.1208026,0.03460445,0,0,0.0114746,0.0004809675,1.549521E-35,1.401298E-45,1.401298E-45,2.674814E-29,0.1239622,0.108358,0.01086564,0.002063834,7.663259E-08,1.401298E-45,0,1.401298E-45,0,0,1.401298E-45,1.401298E-45,1.401298E-45,1.401298E-45,1.401298E-45,1.401298E-45,4.299479E-07,1.401298E-45,5.256377E-07,1.401298E-45,1.401298E-45,1.401298E-45,0.005628812,2.517713E-29,2.235039E-29,1.401298E-45,0,0.0002801685,6.533161E-08,1.401298E-45,1.401298E-45,5.878706E-13,1.401298E-45,2.460552E-29,6.115411E-07,_,_,0,_,_
t,2024-01-03-10-33:40:5994,1,-1,-1,-1,71,71,TaskArea_Put,0.05443626,0.05932625,0,0,0.09244384,0.06529221,0,0,2.754784E-07,3.313195E-30,8.932813E-21,8.699867E-28,0,0.001964165,4.868839E-05,0.002012854,0,0,0.1294675,0.04326688,0,0,0.01202854,0.0009253952,1.092061E-35,1.401298E-45,1.401298E-45,1.885138E-29,0.1260853,0.1148398,0.01086564,0.005788841,5.399424E-08,1.401298E-45,0,1.401298E-45,0,0,1.401298E-45,1.401298E-45,1.401298E-45,1.401298E-45,1.401298E-45,1.401298E-45,3.024023E-07,1.401298E-45,3.699093E-07,1.401298E-45,1.401298E-45,1.401298E-45,0.005566651,1.774418E-29,1.575196E-29,1.401298E-45,0,0.0001904125,4.554366E-08,1.401298E-45,1.401298E-45,4.139896E-13,1.401298E-45,1.734132E-29,4.299428E-07,_,_,0,_,_
t,2024-01-03-10-33:40:6353,1,-1,-1,-1,71,71,TaskArea_Put,0.05543689,0.05825998,0,0,0.09241308,0.06525317,0,0,1.940434E-07,2.33506E-30,6.295632E-21,6.131457E-28,0,0.0009275496,2.38644E-05,0.0009514139,0,0,0.159766,0.07365601,0,0,0.01247475,0.0007601153,7.696587E-36,1.401298E-45,1.401298E-45,1.3286E-29,0.1578998,0.1013194,0.01086564,0.003003974,3.804547E-08,1.401298E-45,0,1.401298E-45,0,0,1.401298E-45,1.401298E-45,1.401298E-45,1.401298E-45,1.401298E-45,1.401298E-45,2.127689E-07,1.401298E-45,2.603853E-07,1.401298E-45,1.401298E-45,1.401298E-45,0.005524701,1.250567E-29,1.110161E-29,1.401298E-45,0,0.0001302159,3.180915E-08,1.401298E-45,1.401298E-45,2.915801E-13,1.401298E-45,1.222174E-29,3.023998E-07,_,_,0,_,_
t,2024-01-03-10-33:40:6898,1,-1,-1,-1,71,71,TaskArea_Put,0.0529095,0.05688888,0,0,0.09238169,0.06521704,0,0,9.63033E-08,1.159853E-30,3.127117E-21,3.045569E-28,4.547474E-13,0.001870622,6.697781E-06,0.00187732,0,0,0.1824663,0.09639575,0,0,0.01057338,0.0009434934,3.822988E-36,1.401298E-45,1.401298E-45,6.599317E-30,0.1449791,0.1108624,0.01086564,0.008259325,1.889136E-08,1.401298E-45,0,1.401298E-45,0,0,1.401298E-45,1.401298E-45,1.401298E-45,1.401298E-45,1.401298E-45,1.401298E-45,1.054176E-07,1.401298E-45,1.290984E-07,1.401298E-45,1.401298E-45,1.401298E-45,0.005476682,6.211717E-30,5.514302E-30,1.401298E-45,0,6.179277E-05,1.558544E-08,1.401298E-45,1.401298E-45,1.44689E-13,1.401298E-45,6.070688E-30,1.497464E-07,_,_,0,_,_
t,2024-01-03-10-33:40:7290,1,-1,-1,-1,71,71,TaskArea_Put,0.05407766,0.05644282,0,0,0.09237381,0.07077578,0,0,6.785119E-08,8.174377E-31,2.203921E-21,2.146447E-28,0.01032711,2.328306E-10,0.01305265,0.002725719,0,0,0.2234619,0.137574,0,0,0.008892727,0.0007750573,2.694355E-36,1.401298E-45,1.401298E-45,4.651049E-30,0.1752989,0.1164638,0.01086564,0.009292738,1.331254E-08,1.401298E-45,0,1.401298E-45,0,0,1.401298E-45,1.401298E-45,1.401298E-45,1.401298E-45,1.401298E-45,1.401298E-45,7.422553E-08,1.401298E-45,9.092285E-08,1.401298E-45,1.401298E-45,1.401298E-45,0.005463276,4.377877E-30,3.886354E-30,1.401298E-45,0,4.28101E-05,1.092816E-08,1.401298E-45,1.401298E-45,1.01936E-13,1.401298E-45,4.278483E-30,1.054169E-07,_,_,0,_,_
t,2024-01-03-10-33:40:7615,1,-1,-1,-1,71,71,TaskArea_Put,0.05809978,0.05048013,0,0,0.09811113,0.06854871,0,0,4.780784E-08,5.761141E-31,1.55328E-21,1.512774E-28,0.01636369,0,0.01784518,0.001482126,0,0,0.2911115,0.2057183,0,0,0.009993778,0.0011624,1.898928E-36,1.401298E-45,1.401298E-45,3.277968E-30,0.1706719,0.08606568,0.01086564,0.009892168,9.381456E-09,1.401298E-45,0,1.401298E-45,0,0,1.401298E-45,1.401298E-45,1.401298E-45,1.401298E-45,1.401298E-45,1.401298E-45,5.227171E-08,1.401298E-45,6.40441E-08,1.401298E-45,1.401298E-45,1.401298E-45,0.005454022,3.085442E-30,2.739026E-30,1.401298E-45,0,2.974656E-05,7.669392E-09,1.401298E-45,1.401298E-45,7.182065E-14,1.401298E-45,3.015391E-30,7.422539E-08,_,_,0,_,_
t,2024-01-03-10-33:40:8028,1,-1,-1,-1,71,71,TaskArea_Put,0.04739679,0.0465031,0,0,0.09594059,0.06726289,0,0,3.368615E-08,4.060256E-31,1.094699E-21,1.066152E-28,0.01891425,0,0.0197523,0.0008390913,0,0,0.3024202,0.2171679,0,0,0.01085877,0.001474916,1.3383E-36,1.401298E-45,1.401298E-45,2.3102E-30,0.1601053,0.09042561,0.01086564,0.01025018,6.611168E-09,1.401298E-45,0,1.401298E-45,0,0,1.401298E-45,1.401298E-45,1.401298E-45,1.401298E-45,1.401298E-45,1.401298E-45,3.681545E-08,1.401298E-45,4.511482E-08,1.401298E-45,1.401298E-45,1.401298E-45,0.005447611,2.174514E-30,1.930372E-30,1.401298E-45,0,2.07195E-05,5.38622E-09,1.401298E-45,1.401298E-45,5.060401E-14,1.401298E-45,2.125145E-30,5.227054E-08,_,_,0,_,_
t,2024-01-03-10-33:40:8599,1,-1,-1,-1,71,71,TaskArea_Put,0.04463893,0.04184343,0,0,0.09383014,0.06603137,0,0,1.672717E-08,2.016808E-31,5.437583E-22,5.295783E-29,0.01534155,0,0.01563798,0.0002969198,0,0,0.3222657,0.237262,0,0,0.009630535,0.0009904858,6.647597E-37,1.401298E-45,1.401298E-45,1.147521E-30,0.178595,0.0860997,0.01086564,0.002569985,3.283474E-09,1.401298E-45,0,1.401298E-45,0,0,1.401298E-45,1.401298E-45,1.401298E-45,1.401298E-45,1.401298E-45,1.401298E-45,1.826906E-08,1.401298E-45,2.239345E-08,1.401298E-45,1.401298E-45,1.401298E-45,0.005440055,1.080124E-30,9.588537E-31,1.401298E-45,0,1.011051E-05,2.661313E-09,1.401298E-45,1.401298E-45,2.512645E-14,1.401298E-45,1.055601E-30,2.593307E-08,_,_,0,_,_
t,2024-01-03-10-33:40:8956,1,-1,-1,-1,71,71,TaskArea_Put,0.04339063,0.04045243,0,0,0.09871119,0.07122171,0,0,1.178754E-08,1.421404E-31,3.832293E-22,3.732356E-29,0.01841244,0,0.01859527,0.0001838212,0,0,0.3222657,0.237262,0,0,0.01057555,0.001336056,4.685086E-37,1.401298E-45,1.401298E-45,8.087489E-31,0.1820694,0.1096445,0.01086564,0.001387506,2.314012E-09,1.401298E-45,0,1.401298E-45,0,0,1.401298E-45,1.401298E-45,1.401298E-45,1.401298E-45,1.401298E-45,1.401298E-45,1.287093E-08,1.401298E-45,1.577822E-08,1.401298E-45,1.401298E-45,1.401298E-45,0.005437891,7.612484E-31,6.757798E-31,1.401298E-45,0,7.078389E-06,1.871923E-09,1.401298E-45,1.401298E-45,1.770607E-14,1.401298E-45,7.439652E-31,1.826899E-08,_,_,0,_,_
t,2024-01-03-10-33:40:9270,1,-1,-1,-1,71,71,TaskArea_Put,0.05128039,0.04799571,0,0,0.09623349,0.07359075,0,0,8.306817E-09,1.00178E-31,2.700932E-22,2.630498E-29,0.01831316,1.164153E-10,0.01993887,0.001627018,0,0,0.2958177,0.2105737,0,0,0.01132106,0.001615474,3.301965E-37,1.401298E-45,1.401298E-45,5.699919E-31,0.1757738,0.1018424,0.01086564,0.005683616,1.63081E-09,1.401298E-45,0,1.401298E-45,0,0,1.401298E-45,1.401298E-45,1.401298E-45,1.401298E-45,1.401298E-45,1.401298E-45,9.068456E-09,1.401298E-45,1.111776E-08,1.401298E-45,1.401298E-45,1.401298E-45,0.005436377,5.365144E-31,4.762776E-31,1.401298E-45,0,4.96132E-06,1.317138E-09,1.401298E-45,1.401298E-45,1.247746E-14,1.401298E-45,5.243334E-31,1.287094E-08,_,_,0,_,_
t,2024-01-03-10-33:40:9611,1,-1,-1,-1,71,71,TaskArea_Put,0.04374861,0.04506985,0,0,0.09477843,0.07473646,0,0,5.854004E-09,7.060357E-32,1.903566E-22,1.853925E-29,0.01957372,0,0.02058298,0.00101379,0,0,0.2407363,0.1551985,0,0,0.009467811,0.001321552,2.327163E-37,1.401298E-45,1.401298E-45,4.017195E-31,0.1725391,0.0981208,0.01086564,0.003075201,1.149326E-09,1.401298E-45,0,1.401298E-45,0,0,1.401298E-45,1.401298E-45,1.401298E-45,1.401298E-45,1.401298E-45,1.401298E-45,6.389675E-09,1.401298E-45,7.834158E-09,1.401298E-45,1.401298E-45,1.401298E-45,0.005435318,3.781251E-31,3.356714E-31,1.401298E-45,0,3.480749E-06,9.270362E-10,1.401298E-45,1.401298E-45,8.793021E-15,1.401298E-45,3.695403E-31,9.068447E-09,_,_,0,_,_
t,2024-01-03-10-33:41:0135,1,-1,-1,-1,71,71,TaskArea_Put,0.0427885,0.04715346,0,0,0.09390008,0.07044376,0,0,4.125517E-09,4.976016E-32,1.3416E-22,1.306614E-29,0.007420985,5.820766E-11,0.008065504,0.0006446294,0,0,0.2402235,0.1546831,0,0,0.01045032,0.001603658,1.640143E-37,1.401298E-45,1.401298E-45,2.831248E-31,0.1413133,0.08304276,0.01086564,0.001733624,8.100028E-10,1.401298E-45,0,1.401298E-45,0,0,1.401298E-45,1.401298E-45,1.401298E-45,1.401298E-45,1.401298E-45,1.401298E-45,4.502398E-09,1.401298E-45,5.520545E-09,1.401298E-45,1.401298E-45,1.401298E-45,0.005434575,2.664959E-31,2.365753E-31,1.401298E-45,0,2.443943E-06,6.526269E-10,1.401298E-45,1.401298E-45,6.196669E-15,1.401298E-45,2.604455E-31,6.389682E-09,_,_,0,_,_
t,2024-01-03-10-33:41:0531,1,-1,-1,-1,71,71,TaskArea_Put,0.03828002,0.04017063,0,0,0.08267634,0.06819613,0,0,2.90739E-09,3.506962E-32,9.455236E-23,9.208665E-30,0.003006128,0,0.003423074,0.0004169492,0,0,0.2418498,0.1563203,0,0,0.008817148,0.001311922,1.155929E-37,1.401298E-45,1.401298E-45,1.995388E-31,0.1141258,0.07840033,0.01086564,0.001012385,5.708555E-10,1.401298E-45,0,1.401298E-45,0,0,1.401298E-45,1.401298E-45,1.401298E-45,1.401298E-45,1.401298E-45,1.401298E-45,3.172626E-09,1.401298E-45,3.890247E-09,1.401298E-45,1.401298E-45,1.401298E-45,0.005434054,1.878192E-31,1.667319E-31,1.401298E-45,0,1.717064E-06,4.595278E-10,1.401298E-45,1.401298E-45,4.366956E-15,1.401298E-45,1.83555E-31,4.502344E-09,_,_,0,_,_
t,2024-01-03-10-33:41:0754,1,-1,-1,-1,71,71,TaskArea_Put,0.03521085,0.03923891,0,0,0.08596943,0.06696877,0,0,2.048983E-09,2.471646E-32,6.663887E-23,6.490108E-30,0.001286706,0,0.001560291,0.0002735857,0,0,0.2565248,0.1710985,0,0,0.007577793,0.001075236,8.146788E-38,1.401298E-45,1.401298E-45,1.406315E-31,0.1244461,0.08396852,0.01086564,0.0006092995,4.023216E-10,1.401298E-45,0,1.401298E-45,0,0,1.401298E-45,1.401298E-45,1.401298E-45,1.401298E-45,1.401298E-45,1.401298E-45,2.235695E-09,1.401298E-45,2.741497E-09,1.401298E-45,1.401298E-45,1.401298E-45,0.005433688,1.323717E-31,1.175098E-31,1.401298E-45,0,1.207042E-06,3.236192E-10,1.401298E-45,1.401298E-45,3.077586E-15,1.401298E-45,1.293664E-31,3.172631E-09,_,_,0,_,_
t,2024-01-03-10-33:41:1198,1,-1,-1,-1,71,71,TaskArea_Put,0.02169038,0.02286407,0,0,0.07778421,0.06586628,0,0,1.017674E-09,1.227686E-32,3.310005E-23,3.223687E-30,0.0002668597,0,0.0003887324,0.0001218727,0,0,0.253264,0.1678079,0,0,0.007722016,0.001150387,4.046573E-38,1.401298E-45,1.401298E-45,6.985275E-32,0.1125585,0.1038468,0.01086564,0.0002373889,1.998307E-10,1.401298E-45,0,1.401298E-45,0,0,1.401298E-45,1.401298E-45,1.401298E-45,1.401298E-45,1.401298E-45,1.401298E-45,1.11025E-09,1.401298E-45,1.361511E-09,1.401298E-45,1.401298E-45,1.401298E-45,0.005433251,6.575007E-32,5.836803E-32,1.401298E-45,0,5.972161E-07,1.605582E-10,1.401298E-45,1.401298E-45,1.528534E-15,1.401298E-45,6.425729E-32,1.575463E-09,_,_,0,_,_
t,2024-01-03-10-33:41:1898,1,-1,-1,-1,71,71,TaskArea_Put,0.016805,0.01428045,0,0,0.08786727,0.06547032,0,0,5.054721E-10,6.09813E-33,1.644137E-23,1.601261E-30,0.01304006,0,0.01309429,5.615774E-05,0,0,0.2175994,0.1319281,0,0,0.005978071,0.0007754122,2.010003E-38,1.401298E-45,1.401298E-45,3.469708E-32,0.1078328,0.09781403,0.01086564,9.956161E-05,9.925746E-11,1.401298E-45,0,1.401298E-45,0,0,1.401298E-45,1.401298E-45,1.401298E-45,1.401298E-45,1.401298E-45,1.401298E-45,5.513998E-10,1.401298E-45,6.762141E-10,1.401298E-45,1.401298E-45,1.401298E-45,0.005433034,3.26592E-32,2.899242E-32,1.401298E-45,0,2.958585E-07,7.968894E-11,1.401298E-45,1.401298E-45,7.592064E-16,1.401298E-45,3.191772E-32,7.824214E-10,_,_,0,_,_
t,2024-01-03-10-33:41:2284,1,-1,-1,-1,71,71,TaskArea_Put,0.01418885,0.01340454,0,0,0.08972493,0.06537523,0,0,3.562391E-10,4.297828E-33,1.158751E-23,1.128534E-30,0.006577069,0,0.00661542,3.847693E-05,0,0,0.2201733,0.1345174,0,0,0.005378038,0.0006377434,1.416606E-38,1.401298E-45,1.401298E-45,2.445373E-32,0.1162014,0.09643076,0.01086564,6.581856E-05,6.995397E-11,1.401298E-45,0,1.401298E-45,0,0,1.401298E-45,1.401298E-45,1.401298E-45,1.401298E-45,1.401298E-45,1.401298E-45,3.885931E-10,1.401298E-45,4.765618E-10,1.401298E-45,1.401298E-45,1.401298E-45,0.005432971,2.301749E-32,2.043322E-32,1.401298E-45,0,2.083067E-07,5.614637E-11,1.401298E-45,1.401298E-45,5.350606E-16,1.401298E-45,2.24949E-32,5.513968E-10,_,_,0,_,_
t,2024-01-03-10-33:41:2630,1,-1,-1,-1,71,71,TaskArea_Put,0.0123817,0.01277024,0,0,0.07309923,0.06531429,0,0,2.510652E-10,3.029007E-33,8.166605E-24,7.953638E-31,0.003487715,0,0.003514176,2.649043E-05,0,0,0.2209519,0.1353028,0,0,0.004902511,0.0005249965,9.983904E-39,1.401298E-45,1.401298E-45,1.723441E-32,0.08466004,0.09556435,0.01086564,4.398369E-05,4.93016E-11,1.401298E-45,0,1.401298E-45,0,0,1.401298E-45,1.401298E-45,1.401298E-45,1.401298E-45,1.401298E-45,1.401298E-45,2.738589E-10,1.401298E-45,3.358584E-10,1.401298E-45,1.401298E-45,1.401298E-45,0.005432927,1.622218E-32,1.440085E-32,1.401298E-45,0,1.466887E-07,3.956094E-11,1.401298E-45,1.401298E-45,3.770914E-16,1.401298E-45,1.585387E-32,3.885902E-10,_,_,0,_,_
t,2024-01-03-10-33:41:3085,1,-1,-1,-1,71,71,TaskArea_Put,0.009004897,0.009317184,0,0,0.08246917,0.06527464,0,0,1.769437E-10,2.134786E-33,5.755666E-24,5.605571E-31,0.001931628,0,0.001949939,1.831147E-05,0,0,0.220952,0.1353017,0,0,0.004523042,0.0004325113,7.036463E-39,1.401298E-45,1.401298E-45,1.214648E-32,0.09732814,0.0950115,0.01086564,2.965873E-05,3.474665E-11,1.401298E-45,0,1.401298E-45,0,0,1.401298E-45,1.401298E-45,1.401298E-45,1.401298E-45,1.401298E-45,1.401298E-45,1.930032E-10,1.401298E-45,2.367001E-10,1.401298E-45,1.401298E-45,1.401298E-45,0.005432896,1.143308E-32,1.014944E-32,1.401298E-45,0,1.033129E-07,2.787614E-11,1.401298E-45,1.401298E-45,2.657629E-16,1.401298E-45,1.117351E-32,2.738585E-10,_,_,0,_,_
t,2024-01-03-10-33:41:3706,1,-1,-1,-1,71,71,TaskArea_Put,0.006767492,0.00763979,0,0,0.08936516,0.06523108,0,0,8.788918E-11,1.060383E-33,2.858932E-24,2.784378E-31,0.0006682843,8.83252E-06,0,0,0,0,0.2238316,0.1381991,0.01143269,0.01151495,0.003972728,0.0002940691,3.495126E-39,1.401298E-45,1.401298E-45,6.033354E-33,0.0998364,0.08683499,0.01086564,1.377586E-05,1.72591E-11,1.401298E-45,0,1.401298E-45,0,0,1.401298E-45,1.401298E-45,1.401298E-45,1.401298E-45,1.401298E-45,1.401298E-45,9.58624E-11,1.401298E-45,1.175679E-10,1.401298E-45,1.401298E-45,1.401298E-45,0.005432859,5.678995E-33,5.04139E-33,1.401298E-45,0,5.126437E-08,1.384229E-11,1.401298E-45,1.401298E-45,1.320058E-16,1.401298E-45,5.550061E-33,1.360207E-10,_,_,0,_,_
t,2024-01-03-10-33:41:4072,1,-1,-1,-1,71,71,TaskArea_Put,0.005154128,0.005807024,0,0,0.09061567,0.06521936,0,0,6.194113E-11,7.473248E-34,2.014887E-24,1.962343E-31,0.0004085877,6.156755E-06,0,0,0,0,0.2238317,0.1381985,0.01413819,0.01423992,0.003192109,0.0002426443,2.463256E-39,1.401298E-45,1.401298E-45,4.25212E-33,0.1030416,0.08010852,0.01086564,9.466996E-06,1.216364E-11,1.401298E-45,0,1.401298E-45,0,0,1.401298E-45,1.401298E-45,1.401298E-45,1.401298E-45,1.401298E-45,1.401298E-45,6.755942E-11,1.401298E-45,8.285694E-11,1.401298E-45,1.401298E-45,1.401298E-45,0.005432848,4.002379E-33,3.553015E-33,1.401298E-45,0,3.611561E-08,9.754502E-12,1.401298E-45,1.401298E-45,9.303285E-17,1.401298E-45,3.91151E-33,9.586068E-11,_,_,0,_,_
t,2024-01-03-10-33:41:4346,1,-1,-1,-1,71,71,TaskArea_Put,0.01575044,0.01460517,0,0,0.09131216,0.06521142,0,0,4.365438E-11,5.266967E-34,1.420044E-24,1.383013E-31,0.01371721,4.299794E-06,0,0,0,0,0.2238317,0.1381985,0.01413819,0.01423992,0.003135719,0.0002002845,1.736043E-39,1.401298E-45,1.401298E-45,2.996794E-33,0.120424,0.1099275,0.01086564,6.534126E-06,8.572626E-12,1.401298E-45,0,1.401298E-45,0,0,1.401298E-45,1.401298E-45,1.401298E-45,1.401298E-45,1.401298E-45,1.401298E-45,4.761344E-11,1.401298E-45,5.839487E-11,1.401298E-45,1.401298E-45,1.401298E-45,0.00543284,2.820782E-33,2.504081E-33,1.401298E-45,0,2.544532E-08,6.874091E-12,1.401298E-45,1.401298E-45,6.55669E-17,1.401298E-45,2.75674E-33,6.75589E-11,_,_,0,_,_
t,2024-01-03-10-33:41:4795,1,-1,-1,-1,71,71,TaskArea_Put,0.03828839,0.02855948,0,0,0.1115629,0.07103609,0,0,3.076668E-11,3.712065E-34,1.000822E-24,9.747228E-32,0.05197057,0.07788184,0,0,0,0,0.2078536,0.122128,0.005503137,0.005539231,0.005745905,0.0007022464,1.223533E-39,1.401298E-45,1.401298E-45,2.112087E-33,0.1736044,0.1327842,0.01086564,0.005844242,6.041823E-12,1.401298E-45,0,1.401298E-45,0,0,1.401298E-45,1.401298E-45,1.401298E-45,1.401298E-45,1.401298E-45,1.401298E-45,0.005898083,1.401298E-45,4.115523E-11,1.401298E-45,1.401298E-45,1.401298E-45,0.005432835,1.988037E-33,1.764832E-33,1.401298E-45,0,0.005897291,4.844358E-12,1.401298E-45,1.401298E-45,4.621012E-17,1.401298E-45,1.942901E-33,4.761348E-11,_,_,0,_,_
t,2024-01-03-10-33:41:5270,1,-1,-1,-1,71,71,TaskArea_Put,0.06229616,0.08365532,0,0,0.1516687,0.1142841,0,0,1.528224E-11,1.843848E-34,4.971258E-25,4.841619E-32,5.443394E-05,0.2153763,0.07573465,0.2788039,0,0,0.1042852,0.01433937,0,0,0.01129164,0.003848422,6.077502E-40,1.401298E-45,1.401298E-45,1.049111E-33,0.1686757,0.1807833,0.01086564,0.009584577,3.001071E-12,1.401298E-45,0,1.401298E-45,0,0,1.401298E-45,1.401298E-45,1.401298E-45,1.401298E-45,1.401298E-45,1.401298E-45,0.00248566,0.003800441,2.04422E-11,1.401298E-45,1.401298E-45,1.401298E-45,0.006581429,9.874928E-34,8.766229E-34,1.401298E-45,0,0.009621332,0.005897973,1.401298E-45,1.401298E-45,2.295319E-17,1.401298E-45,9.650731E-34,0.008447457,_,_,0,_,_
t,2024-01-03-10-33:41:5633,1,-1,-1,-1,71,71,Untagged,0.06530833,0.08946798,0,0,0.1479426,0.1069712,0,0,1.077049E-11,1.299495E-34,3.503611E-25,3.412245E-32,3.986061E-05,0.1630318,0.07641038,0.2354665,0,0.0193878,0.074751,0,0,0,0.01193888,0.006315498,4.283265E-40,1.401298E-45,1.401298E-45,7.393853E-34,0.1684567,0.1567782,0.01086564,0.01016914,2.115073E-12,1.401298E-45,0,1.401298E-45,0,0,1.401298E-45,1.401298E-45,1.401298E-45,1.401298E-45,1.401298E-45,1.401298E-45,0.001646256,0.002485688,1.440704E-11,1.401298E-45,1.401298E-45,1.401298E-45,0.006219355,6.959587E-34,6.178205E-34,1.401298E-45,0,0.01019416,0.003800146,1.401298E-45,1.401298E-45,1.617675E-17,1.401298E-45,6.801579E-34,0.005082634,_,_,0,_,_
t,2024-01-03-10-33:41:5975,1,-1,-1,-1,71,71,TaskSelf_Hand,0.07199652,0.08847088,0,0,0.1470427,0.1162525,0,0,7.590806E-12,9.158577E-35,2.469274E-25,2.404881E-32,2.103299E-05,0.168375,0.06649055,0.2314685,0,0.04387711,0.0518115,0,0,0,0.01244095,0.008130581,3.018761E-40,1.401298E-45,1.401298E-45,5.211038E-34,0.1459144,0.1640405,0.01086564,0.01047135,1.490659E-12,1.401298E-45,0,1.401298E-45,0,0,1.401298E-45,1.401298E-45,1.401298E-45,1.401298E-45,1.401298E-45,1.401298E-45,0.001101827,0.001646305,1.015374E-11,1.401298E-45,1.401298E-45,1.401298E-45,0.005974082,4.904976E-34,4.354274E-34,1.401298E-45,0,0.01048795,0.002485435,1.401298E-45,1.401298E-45,1.140101E-17,1.401298E-45,4.793615E-34,0.007954245,_,_,0,_,_
t,2024-01-03-10-33:41:6352,1,-1,-1,-1,71,71,TaskSelf_Hand,0.08442749,0.1066174,0,0,0.1548767,0.1270126,0,0,5.349844E-12,6.454789E-35,1.740297E-25,1.694914E-32,1.701713E-05,0.1498788,0.06307272,0.2106706,0,0.04387711,0.0518115,0,0,0,0.01283441,0.009489661,2.127563E-40,1.401298E-45,1.401298E-45,3.672639E-34,0.1371713,0.1657297,0.01086564,0.01063456,1.050587E-12,1.401298E-45,0,1.401298E-45,0,0,1.401298E-45,1.401298E-45,1.401298E-45,1.401298E-45,1.401298E-45,1.401298E-45,0.0007439328,0.001101869,7.156129E-12,1.401298E-45,1.401298E-45,1.401298E-45,0.005806823,3.456932E-34,3.068808E-34,1.401298E-45,0,0.01064551,0.001646092,1.401298E-45,1.401298E-45,8.035195E-18,1.401298E-45,3.378447E-34,0.009323641,_,_,0,_,_
t,2024-01-03-10-33:41:6856,1,-1,-1,-1,71,71,TaskSelf_Hand,0.07708834,0.09211317,0,0,0.1509549,0.1184829,0,0,2.657354E-12,3.206206E-35,8.644356E-26,8.418931E-33,1.530722E-05,0.11006,0.06126978,0.1703759,0,0.02910612,0.06637427,0,0,0,0.01339308,0.007123887,1.056803E-40,1.401298E-45,1.401298E-45,1.824264E-34,0.1146049,0.1635071,0.01086564,0.01077928,5.218443E-13,1.401298E-45,0,1.401298E-45,0,0,1.401298E-45,1.401298E-45,1.401298E-45,1.401298E-45,1.401298E-45,1.401298E-45,0.00851006,0.00391126,0.008447491,1.401298E-45,1.401298E-45,1.401298E-45,0.005613116,1.717119E-34,1.524331E-34,1.401298E-45,0,0.01078408,0.0007438384,1.401298E-45,1.401298E-45,3.991209E-18,1.401298E-45,1.678134E-34,0.01037506,_,_,0,_,_
t,2024-01-03-10-33:41:7216,1,-1,-1,-1,71,71,TaskSelf_Hand,0.07708834,0.09211317,0,0,0.1509549,0.1184829,0,0,2.657354E-12,3.206206E-35,8.644356E-26,8.418931E-33,1.530722E-05,0.11006,0.06126978,0.1703759,0,0.02910612,0.06637427,0,0,0,0.01339308,0.007123887,1.056803E-40,1.401298E-45,1.401298E-45,1.824264E-34,0.1146049,0.1635071,0.01086564,0.01077928,5.218443E-13,1.401298E-45,0,1.401298E-45,0,0,1.401298E-45,1.401298E-45,1.401298E-45,1.401298E-45,1.401298E-45,1.401298E-45,0.00851006,0.00391126,0.008447491,1.401298E-45,1.401298E-45,1.401298E-45,0.005613116,1.717119E-34,1.524331E-34,1.401298E-45,0,0.01078408,0.0007438384,1.401298E-45,1.401298E-45,3.991209E-18,1.401298E-45,1.678134E-34,0.01037506,_,_,0,_,_
t,2024-01-03-10-33:41:7641,1,-1,-1,-1,71,71,TaskSelf_Hand,0.07674052,0.09985265,0,0,0.1544028,0.1193581,0,0,1.319941E-12,1.592566E-35,4.29377E-26,4.181798E-33,2.968311E-05,0.1412402,0.07150889,0.2103581,0,0.01897914,0.07566801,0,0,0,0.01375134,0.008092864,5.249264E-41,1.401298E-45,1.401298E-45,9.061367E-35,0.1241194,0.1469795,0.01086564,0.01083048,2.59207E-13,1.401298E-45,0,1.401298E-45,0,0,1.401298E-45,1.401298E-45,1.401298E-45,1.401298E-45,1.401298E-45,1.401298E-45,0.005404903,0.004438325,0.005488901,1.401298E-45,1.401298E-45,1.401298E-45,0.008124149,8.529161E-35,7.571557E-35,1.401298E-45,0,0.01083264,0.0003461674,1.401298E-45,1.401298E-45,1.982483E-18,1.401298E-45,8.335519E-35,0.005372947,_,_,0,_,_
t,2024-01-03-10-33:41:8018,1,-1,-1,-1,71,71,TaskSelf_Hand,0.07576398,0.09722552,0,0,0.1563359,0.119449,0,0,9.302599E-13,1.1224E-35,3.026138E-26,2.947223E-33,2.264977E-05,0.1198642,0.06729585,0.18577,0.0221351,0.1171874,0,0,0,0,0.01388064,0.007064493,3.699568E-41,1.401298E-45,1.401298E-45,6.386217E-35,0.1262999,0.1600691,0.01086564,0.01084266,0.005898219,1.401298E-45,0,1.401298E-45,0,0,1.401298E-45,1.401298E-45,1.401298E-45,1.401298E-45,1.401298E-45,1.401298E-45,0.007971929,0.007608093,0.008052275,1.401298E-45,1.401298E-45,1.401298E-45,0.007212366,6.011133E-35,5.336238E-35,1.401298E-45,0,0.01084413,0.0002380682,1.401298E-45,1.401298E-45,1.397202E-18,1.401298E-45,5.874659E-35,0.007696697,_,_,0,_,_
t,2024-01-03-10-33:41:8569,1,-1,-1,-1,71,71,TaskSelf_Hand,0.06634666,0.08821058,0,0,0.1436812,0.1113214,0,0,4.620662E-13,5.575038E-36,1.503104E-26,1.463907E-33,2.481043E-05,0.1341507,0.06933866,0.2015931,0.02309506,0.1187301,0,0,0,0,0.01196628,0.005086333,1.837663E-41,1.401298E-45,1.401298E-45,3.17208E-35,0.1197524,0.1448649,0.01086564,0.01085547,0.002485696,1.401298E-45,0,1.401298E-45,0,0,1.401298E-45,1.401298E-45,1.401298E-45,1.401298E-45,1.401298E-45,1.401298E-45,0.004960913,0.002626042,0.005038152,1.401298E-45,1.401298E-45,1.401298E-45,0.006234948,2.985773E-35,2.650547E-35,1.401298E-45,0,0.01085615,0.0001139441,1.401298E-45,1.401298E-45,6.939993E-19,1.401298E-45,2.917985E-35,0.009710331,_,_,0,_,_
t,2024-01-03-10-33:41:8942,1,-1,-1,-1,71,71,TaskSelf_Hand,0.07964439,0.0909536,0,0,0.1449395,0.1074714,0,0,3.256524E-13,3.929145E-36,1.05935E-26,1.031724E-33,3.221631E-05,0.1239057,0.07370996,0.1959054,0.02137852,0.1166926,0,0,0,0,0.01243323,0.004677828,1.29508E-41,1.401298E-45,1.401298E-45,2.235601E-35,0.1235807,0.1423584,0.01086564,0.01085878,0.001646293,1.401298E-45,0,1.401298E-45,0,0,1.401298E-45,1.401298E-45,1.401298E-45,1.401298E-45,1.401298E-45,1.401298E-45,0.002772013,0.001610059,0.002836707,1.401298E-45,1.401298E-45,1.401298E-45,0.005977844,2.104297E-35,1.868038E-35,1.401298E-45,0,0.01085924,0.005905221,1.401298E-45,1.401298E-45,4.891128E-19,1.401298E-45,2.056521E-35,0.01014204,_,_,0,_,_
t,2024-01-03-10-33:41:9318,1,-1,-1,-1,71,71,TaskSelf_Hand,0.08092709,0.09288245,0,0,0.1456391,0.1055551,0,0,2.295131E-13,2.769182E-36,7.466081E-27,7.271382E-34,2.475083E-05,0.1364608,0.06870169,0.2031342,0.0208327,0.1157765,0,0,0,0,0.01765921,0.00687775,9.128058E-42,1.401298E-45,1.401298E-45,1.575606E-35,0.125938,0.1584423,0.01086564,0.01086097,0.001101858,1.401298E-45,0,1.401298E-45,0,0,1.401298E-45,1.401298E-45,1.401298E-45,1.401298E-45,1.401298E-45,1.401298E-45,0.001606571,0.001009902,0.001654839,1.401298E-45,1.401298E-45,1.401298E-45,0.005805469,1.483065E-35,1.316556E-35,1.401298E-45,0,0.0108613,0.003765119,1.401298E-45,1.401298E-45,3.447166E-19,1.401298E-45,1.449394E-35,0.01040352,_,_,0,_,_
t,2024-01-03-10-33:41:9800,1,-1,-1,-1,71,71,TaskSelf_Hand,0.07929268,0.08596096,0,0,0.1460418,0.1132822,0,0,1.617568E-13,1.951671E-36,5.261963E-27,5.124743E-34,2.075732E-05,0.1343448,0.06575341,0.1982655,0.02068545,0.1156297,0,0,0,0,0.01412133,0.005454838,6.433361E-42,1.401298E-45,1.401298E-45,1.11046E-35,0.1274205,0.1487835,0.01086564,0.01086245,0.0007439586,1.401298E-45,0,1.401298E-45,0,0,1.401298E-45,1.401298E-45,1.401298E-45,1.401298E-45,1.401298E-45,1.401298E-45,0.0009606787,0.0006457614,0.0009950681,1.401298E-45,1.401298E-45,1.401298E-45,0.005688937,1.045239E-35,9.278853E-36,1.401298E-45,0,0.005068232,0.002440916,1.401298E-45,1.401298E-45,2.429502E-19,1.401298E-45,1.021508E-35,0.01056563,_,_,0,_,_
t,2024-01-03-10-33:42:0491,1,-1,-1,-1,71,71,TaskSelf_Hand,0.07070619,0.07423864,0,0,0.141128,0.1014325,0,0,8.034656E-14,9.694192E-37,2.613683E-27,2.545524E-34,1.714379E-05,0.1355876,0.06286546,0.1967023,0,0.09183468,0.003391124,0,0,0,0.01209905,0.004588465,3.196362E-42,1.401298E-45,1.401298E-45,5.515791E-36,0.1388305,0.1588294,0.01086564,0.01086413,0.0003462326,1.401298E-45,0,1.401298E-45,0,0,1.401298E-45,1.401298E-45,1.401298E-45,1.401298E-45,1.401298E-45,1.401298E-45,0.0003705244,0.0002764477,0.0003871506,1.401298E-45,1.401298E-45,1.401298E-45,0.005555284,5.19183E-36,4.608923E-36,1.401298E-45,0,0.005929371,0.001067379,1.401298E-45,1.401298E-45,1.206763E-19,1.401298E-45,5.073957E-36,0.007316575,_,_,0,_,_
t,2024-01-03-10-33:42:0827,1,-1,-1,-1,71,71,Untagged,0.06807292,0.07691178,0,0,0.1350778,0.1021272,0,0,5.662672E-14,6.832282E-37,1.842074E-27,1.794036E-34,1.667067E-05,0.1338285,0.06216716,0.1943029,0,0.09348817,0.001403225,0,0,0,0.01253841,0.004276358,2.253288E-42,1.401298E-45,1.401298E-45,3.887425E-36,0.1609621,0.1635479,0.01086564,0.01086459,0.000238118,1.401298E-45,0,1.401298E-45,0,0,1.401298E-45,1.401298E-45,1.401298E-45,1.401298E-45,1.401298E-45,1.401298E-45,0.0002371893,0.0001841938,0.0002486681,1.401298E-45,1.401298E-45,1.401298E-45,0.005517907,3.659103E-36,3.248281E-36,1.401298E-45,0,0.007864764,0.0007169577,1.401298E-45,1.401298E-45,8.505036E-20,1.401298E-45,3.576028E-36,0.003642545,_,_,0,_,_
t,2024-01-03-10-33:42:1130,1,-1,-1,-1,71,71,Untagged,0.07248756,0.08809023,0,0,0.1325802,0.112256,0,0,3.990949E-14,4.815269E-37,1.29826E-27,1.264404E-34,2.795458E-05,0.1710411,0.07072142,0.2377919,0,0.09095544,0.003940869,0,0,0,0.01037451,0.004023172,1.587671E-42,1.401298E-45,1.401298E-45,2.739786E-36,0.153525,0.165219,0.01086564,0.01086491,0.0001644521,1.401298E-45,0,1.401298E-45,0,0,1.401298E-45,1.401298E-45,1.401298E-45,1.401298E-45,1.401298E-45,1.401298E-45,0.000154286,0.0001238982,0.0001622108,1.401298E-45,1.401298E-45,1.401298E-45,0.005492083,2.57887E-36,2.289329E-36,1.401298E-45,0,0.008996859,0.006100024,1.401298E-45,1.401298E-45,5.994195E-20,1.401298E-45,2.52032E-36,0.001910583,_,_,0,_,_
t,2024-01-03-10-33:42:1514,1,-1,-1,-1,71,71,Untagged,0.07238637,0.09075282,0,0,0.1395476,0.1162566,0,0,2.812738E-14,3.393703E-37,9.149873E-28,8.911263E-35,2.156198E-05,0.1190654,0.06671082,0.1844489,0,0.07422113,0.0212106,0,0,0,0.01116237,0.006402171,1.119637E-42,1.401298E-45,1.401298E-45,1.930945E-36,0.1498625,0.1790632,0.01086564,0.01086514,0.0001139719,1.401298E-45,0,1.401298E-45,0,0,1.401298E-45,1.401298E-45,1.401298E-45,1.401298E-45,1.401298E-45,1.401298E-45,0.0001017163,8.400313E-05,0.0001071945,1.401298E-45,1.401298E-45,1.401298E-45,0.005474181,1.817534E-36,1.613473E-36,1.401298E-45,0,0.00967793,0.00381315,1.401298E-45,1.401298E-45,4.224585E-20,1.401298E-45,1.77627E-36,0.005846447,_,_,0,_,_
t,2024-01-03-10-33:42:2172,1,-1,-1,-1,71,71,Untagged,0.07223799,0.09205635,0,0,0.144576,0.106981,0,0,1.397109E-14,1.685678E-37,4.544812E-28,4.426293E-35,1.776963E-05,0.1159458,0.06307537,0.1778426,0,0.07351892,0.02129815,0,0,0,0.01035876,0.004686648,5.563155E-43,1.401298E-45,1.401298E-45,9.591153E-37,0.1469436,0.1374877,0.01086564,0.01086539,0.0037652,1.401298E-45,0,1.401298E-45,0,0,1.401298E-45,1.401298E-45,1.401298E-45,1.401298E-45,1.401298E-45,1.401298E-45,0.003555201,0.008367752,0.003566652,1.401298E-45,1.401298E-45,1.401298E-45,0.005453063,9.027833E-37,8.014242E-37,1.401298E-45,0,0.01036195,0.004419271,1.401298E-45,1.401298E-45,2.098383E-20,1.401298E-45,8.822869E-37,0.009117742,_,_,0,_,_
t,2024-01-03-10-33:42:2532,1,-1,-1,-1,71,71,Untagged,0.08926824,0.1137492,0,0,0.1553115,0.1275398,0,0,6.93964E-15,8.373009E-38,2.257474E-28,2.198604E-35,1.564994E-05,0.230471,0.06175726,0.2839306,0,0.05709676,0.03858121,0,0,0,0.01178051,0.004089274,2.760558E-43,1.401298E-45,1.401298E-45,4.764065E-37,0.146035,0.1961018,0.01086564,0.01086552,0.001604738,1.401298E-45,0,1.401298E-45,0,0,1.401298E-45,1.401298E-45,1.401298E-45,1.401298E-45,1.401298E-45,1.401298E-45,0.006661184,0.003001417,0.001450587,1.401298E-45,1.401298E-45,1.401298E-45,0.005442775,4.484256E-37,3.98079E-37,1.401298E-45,0,0.01064138,0.009128422,1.401298E-45,1.401298E-45,1.042297E-20,1.401298E-45,4.382447E-37,0.002443718,_,_,0,_,_
t,2024-01-03-10-33:42:2942,1,-1,-1,-1,71,71,TaskSelf_Hand,0.08926824,0.1137492,0,0,0.1553115,0.1275398,0,0,6.93964E-15,8.373009E-38,2.257474E-28,2.198604E-35,1.564994E-05,0.230471,0.06175726,0.2839306,0,0.05709676,0.03858121,0,0,0,0.01178051,0.004089274,2.760558E-43,1.401298E-45,1.401298E-45,4.764065E-37,0.146035,0.1961018,0.01086564,0.01086552,0.001604738,1.401298E-45,0,1.401298E-45,0,0,1.401298E-45,1.401298E-45,1.401298E-45,1.401298E-45,1.401298E-45,1.401298E-45,0.006661184,0.003001417,0.001450587,1.401298E-45,1.401298E-45,1.401298E-45,0.005442775,4.484256E-37,3.98079E-37,1.401298E-45,0,0.01064138,0.009128422,1.401298E-45,1.401298E-45,1.042297E-20,1.401298E-45,4.382447E-37,0.002443718,_,_,0,_,_
t,2024-01-03-10-33:42:3212,1,-1,-1,-1,71,71,Untagged,0.1011559,0.135898,0,0,0.166739,0.1535652,0,0,3.447019E-15,4.158994E-38,1.12132E-28,1.092078E-35,3.216416E-05,0.2345568,0.07390978,0.2981093,0,0.05802853,0.03764906,0,0,0,0.01268492,0.006295311,1.373272E-43,1.401298E-45,1.401298E-45,2.36638E-37,0.1612609,0.186052,0.01086564,0.01086558,0.006238312,1.401298E-45,0,1.401298E-45,0,0,1.401298E-45,1.401298E-45,1.401298E-45,1.401298E-45,1.401298E-45,1.401298E-45,0.009695358,0.001186636,0.0006271335,1.401298E-45,1.401298E-45,1.401298E-45,0.005437732,2.227395E-37,1.977316E-37,1.401298E-45,0,0.01076234,0.01030856,1.401298E-45,1.401298E-45,5.177241E-21,1.401298E-45,2.176825E-37,0.0007804511,_,_,0,_,_
t,2024-01-03-10-33:42:3734,1,-1,-1,-1,71,71,Untagged,0.1019327,0.1310135,0,0,0.1677325,0.1491286,0,0,2.429377E-15,2.93116E-38,7.902797E-29,7.696708E-36,0.0001456589,0.2411261,0.1074102,0.3313272,0,0.05794645,0.03760206,0,0,0,0.01300981,0.005651292,9.668959E-44,1.401298E-45,1.401298E-45,1.667768E-37,0.08996789,0.1520437,0.01086564,0.0108656,0.008547937,1.401298E-45,0,1.401298E-45,0,0,1.401298E-45,1.401298E-45,1.401298E-45,1.401298E-45,1.401298E-45,1.401298E-45,0.01020669,0.0007668973,0.0004194184,1.401298E-45,1.401298E-45,1.401298E-45,0.005436273,1.569815E-37,1.393565E-37,1.401298E-45,0,0.01079488,0.02121138,1.401298E-45,1.401298E-45,3.648796E-21,1.401298E-45,1.534174E-37,0.0004641251,_,_,0,_,_
t,2024-01-03-10-33:42:4099,1,-1,-1,-1,71,71,Untagged,0.1145153,0.1271915,0,0,0.1643233,0.1330747,0,0,1.712154E-15,2.065796E-38,5.569661E-29,5.424415E-36,0.21693,0.01379353,0.4199166,0.3054496,0,0.08326624,0.009726143,0,0,0,0.01327299,0.005135594,6.866362E-44,1.401298E-45,1.401298E-45,1.175394E-37,0.1078309,0.1029186,0.01086564,0.01086561,0.004999395,1.401298E-45,0,1.401298E-45,0,0,1.401298E-45,1.401298E-45,1.401298E-45,1.401298E-45,1.401298E-45,1.401298E-45,0.005394245,0.0005028529,0.0002830016,1.401298E-45,1.401298E-45,1.401298E-45,0.005435249,1.10636E-37,9.821442E-38,1.401298E-45,0,0.01081693,0.01807914,1.401298E-45,1.401298E-45,2.571565E-21,1.401298E-45,1.081241E-37,0.0002836808,_,_,0,_,_
t,2024-01-03-10-33:42:4497,1,-1,-1,-1,71,71,TaskArea_Put,0.2149541,0.1614613,0,0,0.1858703,0.1292522,0,0,8.504558E-16,1.026116E-38,2.766544E-29,2.694399E-36,0.7101359,0.2112146,0.1121892,0.2838959,0,0.03186585,0.05505098,0,0,0,0.01366128,0.004384805,3.503246E-44,1.401298E-45,1.401298E-45,5.838383E-38,0.263904,0.05850342,0.01086564,0.01086563,0.001862353,1.401298E-45,0,1.401298E-45,0,0,1.401298E-45,1.401298E-45,1.401298E-45,1.401298E-45,1.401298E-45,1.401298E-45,0.009105536,0.0002237716,0.0001315813,1.401298E-45,1.401298E-45,1.401298E-45,0.005434024,5.495475E-38,4.878476E-38,1.401298E-45,0,0.01084229,0.01439099,1.401298E-45,1.401298E-45,1.27734E-21,1.401298E-45,5.370708E-38,0.0001132316,_,_,0,_,_
t,2024-01-03-10-33:42:4931,1,-1,-1,-1,71,71,TaskArea_Put,0.2074328,0.1575164,0,0,0.1603997,0.1014724,0,0,5.993852E-16,7.231872E-39,1.949809E-29,1.898961E-36,0.4685036,0.03617279,0.1882747,0.2118543,0,0.03172708,0.05485522,0,0,0,0.02293724,0.006672012,2.522337E-44,1.401298E-45,1.401298E-45,4.114782E-38,0.3235492,0.08042858,0.01086564,0.01086563,0.001176247,1.401298E-45,0,1.401298E-45,0,0,1.401298E-45,1.401298E-45,1.401298E-45,1.401298E-45,1.401298E-45,1.401298E-45,0.00471917,0.0001513092,9.04609E-05,1.401298E-45,1.401298E-45,1.401298E-45,0.005433668,3.873107E-38,3.438258E-38,1.401298E-45,0,0.02086385,0.01333517,1.401298E-45,1.401298E-45,9.002449E-22,1.401298E-45,3.785174E-38,7.344893E-05,_,_,0,_,_
t,2024-01-03-10-33:42:5591,1,-1,-1,-1,71,71,TaskArea_Put,0.1477688,0.1151875,0,0,0.09847935,0.07097527,0,0,2.977224E-16,3.592164E-39,9.684952E-30,9.432388E-37,0.0655094,0.03142741,0,0,0.07184267,0.1582415,0,0,0.210445,0.2094868,0.02286363,0.00728427,1.261169E-44,1.401298E-45,1.401298E-45,2.043866E-38,0.1958432,0.08409935,0.01086564,0.01086564,0.000494033,1.401298E-45,0,1.401298E-45,0,0,1.401298E-45,1.401298E-45,1.401298E-45,1.401298E-45,1.401298E-45,1.401298E-45,0.001449855,7.057618E-05,4.32737E-05,1.401298E-45,1.401298E-45,1.401298E-45,0.005433241,1.923823E-38,1.707827E-38,1.401298E-45,0,0.007311402,0.002986046,1.401298E-45,1.401298E-45,4.471633E-22,1.401298E-45,1.880145E-38,3.214609E-05,_,_,0,_,_
t,2024-01-03-10-33:42:5971,1,-1,-1,-1,71,71,TaskArea_Put,0.08296847,0.06853706,0,0,0.07962587,0.05749195,0,0,2.098299E-16,2.531699E-39,6.825797E-30,6.647793E-37,0.02348565,0.005833757,0,0,0.2188123,0.3043688,0,0,0.2328802,0.2304861,0.01769624,0.00576496,8.407791E-45,1.401298E-45,1.401298E-45,1.440483E-38,0.1184646,0.06242333,0.01086564,0.004970159,0.0003267815,1.401298E-45,0,1.401298E-45,0,0,1.401298E-45,1.401298E-45,1.401298E-45,1.401298E-45,1.401298E-45,1.401298E-45,0.0008491145,4.857932E-05,3.007109E-05,1.401298E-45,1.401298E-45,1.401298E-45,0.005433118,1.355879E-38,1.203649E-38,1.401298E-45,0,0.003353954,0.00153973,1.401298E-45,1.401298E-45,3.151534E-22,1.401298E-45,1.325096E-38,2.159972E-05,_,_,0,_,_
t,2024-01-03-10-33:42:6233,1,-1,-1,-1,71,71,TaskPartner_ETC,0.08296847,0.06853706,0,0,0.07962587,0.05749195,0,0,2.098299E-16,2.531699E-39,6.825797E-30,6.647793E-37,0.02348565,0.005833757,0,0,0.2188123,0.3043688,0,0,0.2328802,0.2304861,0.01769624,0.00576496,8.407791E-45,1.401298E-45,1.401298E-45,1.440483E-38,0.1184646,0.06242333,0.01086564,0.004970159,0.0003267815,1.401298E-45,0,1.401298E-45,0,0,1.401298E-45,1.401298E-45,1.401298E-45,1.401298E-45,1.401298E-45,1.401298E-45,0.0008491145,4.857932E-05,3.007109E-05,1.401298E-45,1.401298E-45,1.401298E-45,0.005433118,1.355879E-38,1.203649E-38,1.401298E-45,0,0.003353954,0.00153973,1.401298E-45,1.401298E-45,3.151534E-22,1.401298E-45,1.325096E-38,2.159972E-05,_,_,0,_,_
t,2024-01-03-10-33:42:6639,1,-1,-1,-1,71,71,TaskPartner_ETC,0.01855924,0.02045288,0,0,0.07619753,0.05449833,0,0,1.042249E-16,1.257524E-39,3.390451E-30,3.302035E-37,7.99795E-05,0.004235071,0,0,0.1610137,0.246687,0,0,0.1398625,0.1387386,0.01059042,0.003687801,4.203895E-45,1.401298E-45,1.401298E-45,7.155045E-39,0.09453508,0.07712437,0.01086564,0.001245477,0.0001473771,1.401298E-45,0,1.401298E-45,0,0,1.401298E-45,1.401298E-45,1.401298E-45,1.401298E-45,1.401298E-45,1.401298E-45,0.0003169633,2.328148E-05,1.462102E-05,1.401298E-45,1.401298E-45,1.401298E-45,0.005432968,6.734804E-39,5.978662E-39,1.401298E-45,0,0.0008444408,0.0004691679,1.401298E-45,1.401298E-45,1.565403E-22,1.401298E-45,6.581902E-39,9.978252E-06,_,_,0,_,_
t,2024-01-03-10-33:42:7132,1,-1,-1,-1,71,71,TaskPartner_ETC,0.02176009,0.0215289,0,0,0.06742185,0.05437559,0,0,7.345565E-17,8.862778E-40,2.389523E-30,2.327209E-37,6.044836E-06,0.0004042079,0,0,0.1081047,0.1939527,0,0,0.06981682,0.06940013,0.008883315,0.002973975,2.802597E-45,1.401298E-45,1.401298E-45,5.042734E-39,0.0793577,0.06215229,0.01086564,0.0006722824,0.0001001599,1.401298E-45,0,1.401298E-45,0,0,1.401298E-45,1.401298E-45,1.401298E-45,1.401298E-45,1.401298E-45,1.401298E-45,0.0002003527,1.61895E-05,1.022246E-05,1.401298E-45,1.401298E-45,1.401298E-45,0.005432925,4.746557E-39,4.213643E-39,1.401298E-45,0,0.000456681,0.0002738743,1.401298E-45,1.401298E-45,1.103265E-22,1.401298E-45,4.638794E-39,6.843301E-06,_,_,0,_,_
t,2024-01-03-10-33:42:7464,1,-1,-1,-1,71,71,TaskPartner_ETC,0.01546084,0.02597803,0,0,0.06570849,0.05434295,0,0,5.17699E-17,6.246288E-40,1.684082E-30,1.640165E-37,0,0.003781285,5.404116E-07,0.003781775,0.06213482,0.148135,0,0,0,0,0.006861917,0.002408601,1.401298E-45,1.401298E-45,1.401298E-45,3.554007E-39,0.1002833,0.03601358,0.01086564,0.0003782162,6.84936E-05,1.401298E-45,0,1.401298E-45,0,0,1.401298E-45,1.401298E-45,1.401298E-45,1.401298E-45,1.401298E-45,1.401298E-45,0.0001289453,1.128389E-05,7.157006E-06,1.401298E-45,1.401298E-45,1.401298E-45,0.005432894,3.345267E-39,2.969681E-39,1.401298E-45,0,0.0002573442,0.0001647722,1.401298E-45,1.401298E-45,7.775566E-23,1.401298E-45,3.269319E-39,4.715231E-06,_,_,0,_,_
t,2024-01-03-10-33:42:7848,1,-1,-1,-1,71,71,TaskPartner_ETC,0.02821034,0.0346908,0,0,0.07267326,0.05433329,0,0,3.648652E-17,4.402277E-40,1.186912E-30,1.155959E-37,3.552714E-15,0.004165342,5.69207E-08,0.004165396,0.01097708,0.09719372,0,0,0,0,0.008416448,0.001957661,1.401298E-45,1.401298E-45,1.401298E-45,2.504801E-39,0.1144503,0.05071918,0.01086564,0.0002204841,4.708136E-05,1.401298E-45,0,1.401298E-45,0,0,1.401298E-45,1.401298E-45,1.401298E-45,1.401298E-45,1.401298E-45,1.401298E-45,8.425547E-05,7.879877E-06,5.016573E-06,1.401298E-45,1.401298E-45,1.401298E-45,0.005432873,2.357686E-39,2.092979E-39,1.401298E-45,0,0.000150232,0.0001017112,1.401298E-45,1.401298E-45,5.480083E-23,1.401298E-45,2.304159E-39,3.261574E-06,_,_,0,_,_
t,2024-01-03-10-33:42:8306,1,-1,-1,-1,71,71,TaskPartner_ETC,0.04108084,0.05290985,0,0,0.07557851,0.06197938,0,0,1.812339E-17,2.186684E-40,5.895565E-31,5.741819E-38,0,0.01728367,1.013163E-09,0.01728336,0,0.0470444,0.03995994,0,0,0,0.008736347,0.001304072,1.401298E-45,1.401298E-45,1.401298E-45,1.244172E-39,0.116043,0.06497536,0.01086564,8.170878E-05,2.251693E-05,1.401298E-45,0,1.401298E-45,0,0,1.401298E-45,1.401298E-45,1.401298E-45,1.401298E-45,1.401298E-45,1.401298E-45,3.729281E-05,3.859988E-06,2.471256E-06,1.401298E-45,1.401298E-45,1.401298E-45,0.005432847,1.171097E-39,1.039614E-39,1.401298E-45,0,5.579769E-05,4.122634E-05,1.401298E-45,1.401298E-45,2.722037E-23,1.401298E-45,1.144509E-39,1.5748E-06,_,_,0,_,_
t,2024-01-03-10-33:42:8811,1,-1,-1,-1,71,71,TaskPartner_Hand,0.04443594,0.0556075,0,0,0.08216225,0.06333897,0,0,1.2773E-17,1.541134E-40,4.155074E-31,4.046717E-38,0,0.02021613,1.693255E-10,0.02021564,0,0.006023664,0.081275,0,0,0,0.007513457,0.001067808,1.401298E-45,1.401298E-45,1.401298E-45,8.768667E-40,0.08435411,0.06856886,0.01086564,5.150285E-05,1.564562E-05,1.401298E-45,0,1.401298E-45,0,0,1.401298E-45,1.401298E-45,1.401298E-45,1.401298E-45,1.401298E-45,1.401298E-45,2.516507E-05,2.706305E-06,1.736299E-06,1.401298E-45,1.401298E-45,1.401298E-45,0.00543284,8.253662E-40,7.326983E-40,1.401298E-45,0,0.005517168,2.690012E-05,1.401298E-45,1.401298E-45,1.918437E-23,1.401298E-45,8.066266E-40,1.098156E-06,_,_,0,_,_
t,2024-01-03-10-33:42:9156,1,-1,-1,-1,71,71,TaskPartner_Hand,0.0471256,0.05541043,0,0,0.08601122,0.06408882,0,0,9.00217E-18,1.08616E-40,2.928419E-31,2.852051E-38,0,0.02983182,3.260633E-11,0.02982968,0,0,0.0894166,0.001895717,0,0,0.006573081,0.0008758186,1.401298E-45,1.401298E-45,1.401298E-45,6.179992E-40,0.09783782,0.08430859,0.01086564,3.306846E-05,1.089782E-05,1.401298E-45,0,1.401298E-45,0,0,1.401298E-45,1.401298E-45,1.401298E-45,1.401298E-45,1.401298E-45,1.401298E-45,1.710738E-05,1.899152E-06,1.220577E-06,1.401298E-45,1.401298E-45,1.401298E-45,0.005432834,5.817028E-40,5.163925E-40,1.401298E-45,0,0.003265735,1.778075E-05,1.401298E-45,1.401298E-45,1.352078E-23,1.401298E-45,5.684956E-40,7.67184E-07,_,_,0,_,_
t,2024-01-03-10-33:42:9499,1,-1,-1,-1,71,71,TaskPartner_Hand,0.04036184,0.05772925,0,0,0.08832572,0.06451743,0,0,6.344457E-18,7.654873E-41,2.063861E-31,2.010039E-38,0,0.03579527,7.182609E-12,0.03579148,0,0,0.1192715,0.03129646,0,0,0.005841593,0.0007193395,1.401298E-45,1.401298E-45,1.401298E-45,4.355474E-40,0.08163344,0.0899622,0.01086564,2.156416E-05,7.60605E-06,1.401298E-45,0,1.401298E-45,0,0,1.401298E-45,1.401298E-45,1.401298E-45,1.401298E-45,1.401298E-45,1.401298E-45,1.170131E-05,1.333702E-06,8.584036E-07,1.401298E-45,1.401298E-45,1.401298E-45,0.005432831,4.099667E-40,3.639382E-40,1.401298E-45,0,0.001988154,1.188054E-05,1.401298E-45,1.401298E-45,9.529039E-24,1.401298E-45,4.006579E-40,5.367679E-07,_,_,0,_,_
t,2024-01-03-10-33:42:9854,1,-1,-1,-1,71,71,TaskPartner_Hand,0.03613129,0.05706523,0,0,0.08107974,0.06477015,0,0,4.471451E-18,5.394999E-41,1.45457E-31,1.416637E-38,5.401671E-08,0.01287016,0.01276523,0.02563453,0,0,0.1265883,0.0380432,0,0,0.004623429,0.0005915033,1.401298E-45,1.401298E-45,1.401298E-45,3.069656E-40,0.08837938,0.08339246,0.01086564,1.424673E-05,5.31759E-06,1.401298E-45,0,1.401298E-45,0,0,1.401298E-45,1.401298E-45,1.401298E-45,1.401298E-45,1.401298E-45,1.401298E-45,8.04481E-06,9.372005E-07,6.039263E-07,1.401298E-45,1.401298E-45,1.401298E-45,0.005432828,2.889365E-40,2.564965E-40,1.401298E-45,0,0.001239631,8.010381E-06,1.401298E-45,1.401298E-45,6.715883E-24,1.401298E-45,2.823757E-40,3.760331E-07,_,_,0,_,_
t,2024-01-03-10-33:43:0392,1,-1,-1,-1,71,71,TaskPartner_ETC,0.04077653,0.04165801,0,0,0.0718741,0.05891732,0,0,2.220999E-18,2.679703E-41,7.224941E-32,7.036528E-39,0.01066825,4.563481E-08,0.01960161,0.008934421,0,0,0.1409971,0.05477921,0,0,0.004032345,0.0004010213,1.401298E-45,1.401298E-45,1.401298E-45,1.524711E-40,0.09308643,0.07827117,0.01086564,6.413439E-06,2.609309E-06,1.401298E-45,0,1.401298E-45,0,0,1.401298E-45,1.401298E-45,1.401298E-45,1.401298E-45,1.401298E-45,1.401298E-45,3.848535E-06,4.634445E-07,2.991803E-07,1.401298E-45,1.401298E-45,1.401298E-45,0.005432825,1.435168E-40,1.274033E-40,1.401298E-45,0,0.0005103495,3.720005E-06,1.401298E-45,1.401298E-45,3.335822E-24,1.401298E-45,1.402574E-40,1.850861E-07,_,_,0,_,_
t,2024-01-03-10-33:43:0725,1,-1,-1,-1,71,71,TaskPartner_ETC,0.04483506,0.03600528,0,0,0.06758101,0.0564581,0,0,1.565315E-18,1.88867E-41,5.091994E-32,4.959204E-39,0.01812122,4.656613E-10,0.02047502,0.00235542,0,0,0.1409763,0.05483497,0,0,0.003820295,0.0003305437,1.401298E-45,1.401298E-45,1.401298E-45,1.074586E-40,0.09252839,0.0875275,0.01086564,4.35567E-06,1.83062E-06,1.401298E-45,0,1.401298E-45,0,0,1.401298E-45,1.401298E-45,1.401298E-45,1.401298E-45,1.401298E-45,1.401298E-45,2.674403E-06,3.260822E-07,2.106473E-07,1.401298E-45,1.401298E-45,1.401298E-45,0.005432824,1.011471E-40,8.9791E-41,1.401298E-45,0,0.0003350016,2.556342E-06,1.401298E-45,1.401298E-45,2.351021E-24,1.401298E-45,9.88504E-41,1.300013E-07,_,_,0,_,_
